Time,Type,OrderID,Size,Price,Direction
34200.002621,1,1,280,1850080,-1
34200.006153,1,2,140,1850128,-1
34200.008473,1,3,350,1850043,-1
34200.010354,1,4,150,1849597,1
34200.012031,1,5,70,1849781,1
34200.014049,1,6,100,1850475,-1
34200.017325,1,7,290,1849900,-1
34200.017694,1,8,110,1850286,-1
34200.019366,1,9,110,1850315,1
34200.019388,1,10,90,1849881,1
34200.021541,1,11,10,1850421,-1
34200.023585,1,12,390,1850352,1
34200.027210,1,13,260,1850618,-1
34200.029952,1,14,200,1850069,-1
34200.032644,1,15,40,1850360,-1
34200.033617,1,16,350,1850437,1
34200.035253,1,17,290,1849886,1
34200.039242,1,18,10,1850400,1
34200.041830,1,19,270,1849986,1
34200.042352,1,20,180,1850646,-1
34200.043774,1,21,50,1849860,1
34200.046576,1,22,130,1850542,-1
34200.047120,1,23,250,1850290,1
34200.047643,1,24,290,1850493,-1
34200.048518,1,25,40,1850104,1
34200.052451,1,26,390,1850082,-1
34200.053672,1,27,300,1850633,-1
34200.056406,1,28,20,1850135,-1
34200.058258,1,29,240,1850455,-1
34200.059992,1,30,380,1850460,-1
34200.063534,1,31,160,1849764,1
34200.063662,1,32,360,1850380,1
34200.066533,1,33,270,1850113,1
34200.069666,1,34,40,1850653,-1
34200.069766,1,35,300,1850596,-1
34200.073315,1,36,370,1850119,1
34200.074608,1,37,290,1850174,-1
34200.077901,1,38,40,1850502,1
34200.079814,1,39,260,1850276,1
34200.079981,1,40,260,1850254,1
34200.083218,1,41,130,1850199,-1
34200.085428,1,42,400,1850023,1
34200.086366,1,43,170,1850769,-1
34200.089064,1,44,210,1850663,-1
34200.090213,1,45,350,1850098,1
34200.090231,1,46,240,1850565,-1
34200.093116,1,47,270,1850096,-1
34200.094539,1,48,190,1850148,-1
34200.095017,1,49,180,1850417,1
34200.096772,1,50,320,1850393,-1
34200.099671,1,51,170,1850476,-1
34200.100724,3,31,118,1850096,-1
34200.101040,1,52,80,1850143,1
34200.104418,1,53,30,1850293,-1
34200.106064,1,54,280,1849564,1
34200.106931,1,55,10,1849775,-1
34200.108461,1,56,20,1849774,1
34200.110548,1,57,30,1850131,1
34200.113680,1,58,40,1849605,1
34200.115637,1,59,220,1849770,-1
34200.119152,1,60,200,1850086,1
34200.120416,1,61,170,1849514,1
34200.122363,1,62,230,1850362,-1
34200.126212,1,63,120,1849955,-1
34200.129577,3,9,167,1849807,1
34200.129605,1,64,90,1850059,-1
34200.130495,1,65,290,1849498,1
34200.133162,1,66,130,1849973,-1
34200.135561,1,67,390,1849467,1
34200.138829,1,68,20,1849940,-1
34200.138853,1,69,150,1849524,1
34200.142010,3,59,13,1849809,-1
34200.142113,1,70,60,1849341,1
34200.144449,1,71,30,1850086,-1
34200.146208,1,72,130,1849943,-1
34200.148733,1,73,130,1849430,1
34200.149640,1,74,340,1850139,-1
34200.150234,3,50,160,1849816,1
34200.152511,1,75,90,1849962,-1
34200.156123,1,76,10,1850281,-1
34200.159177,1,77,80,1849383,1
34200.160594,1,78,260,1849616,1
34200.162351,1,79,380,1849635,1
34200.162825,1,80,290,1849947,1
34200.164816,1,81,70,1850185,-1
34200.166740,1,82,10,1850146,-1
34200.169381,1,83,150,1849910,-1
34200.171922,1,84,140,1849713,1
34200.174427,1,85,360,1850382,-1
34200.175082,1,86,200,1850371,1
34200.178724,1,87,300,1850213,-1
34200.181046,1,88,210,1850129,1
34200.181885,1,89,280,1850238,1
34200.184448,1,90,130,1850622,-1
34200.185880,1,91,370,1850585,1
34200.188847,1,92,390,1850609,-1
34200.189802,3,13,160,1850328,1
34200.192687,1,93,300,1849875,1
34200.193555,1,94,20,1849993,1
34200.196738,1,95,360,1850574,-1
34200.200296,1,96,10,1850229,-1
34200.202265,1,97,50,1850098,1
34200.205645,1,98,70,1849845,1
34200.205749,1,99,210,1849858,1
34200.206451,1,100,200,1850235,-1
34200.207632,1,101,240,1849830,1
34200.209891,1,102,370,1850106,1
34200.210125,3,35,138,1850091,1
34200.212460,1,103,360,1850027,-1
34200.214827,1,104,340,1850156,-1
34200.215023,1,105,230,1849703,1
34200.217638,1,106,20,1850168,-1
34200.217695,1,107,300,1850042,1
34200.217957,1,108,300,1849660,1
34200.220680,3,82,42,1849858,1
34200.221124,1,109,30,1850012,1
34200.224702,1,110,260,1849702,1
34200.228514,1,111,60,1849656,1
34200.228699,1,112,230,1849721,1
34200.229863,1,113,160,1850104,-1
34200.232519,1,114,20,1849877,1
34200.236259,1,115,80,1850271,1
34200.240088,1,116,270,1849826,1
34200.242832,1,117,240,1850499,-1
34200.243977,1,118,320,1850201,1
34200.246624,1,119,10,1850198,1
34200.247332,1,120,140,1849884,1
34200.249975,1,121,110,1849984,1
34200.253499,1,122,20,1849700,1
34200.255181,1,123,390,1850246,-1
34200.258809,1,124,30,1850168,-1
34200.261249,1,125,380,1850060,1
34200.263731,1,126,130,1850168,-1
34200.266207,1,127,170,1849875,-1
34200.268760,1,128,390,1849593,1
34200.269034,1,129,220,1849673,1
34200.270519,1,130,20,1850142,1
34200.271283,1,131,250,1850312,-1
34200.273928,1,132,180,1850300,-1
34200.276459,1,133,90,1849493,1
34200.278333,1,134,230,1849389,1
34200.280287,1,135,270,1849982,-1
34200.281906,1,136,230,1849834,-1
34200.285601,1,137,230,1849618,-1
34200.288743,1,138,210,1849440,1
34200.291894,1,139,110,1849657,-1
34200.293365,1,140,10,1849622,1
34200.293483,1,141,370,1849969,-1
34200.295663,1,142,170,1849776,-1
34200.297479,1,143,50,1850066,1
34200.300817,1,144,380,1849747,1
34200.300828,3,56,22,1849960,1
34200.303195,1,145,270,1850183,1
34200.306618,1,146,30,1850148,-1
34200.307555,1,147,380,1849759,-1
34200.311329,1,148,300,1849769,1
34200.314845,1,149,70,1850151,1
34200.317724,1,150,20,1850230,-1
34200.320961,1,151,170,1850185,1
34200.323561,1,152,130,1849953,1
34200.327400,1,153,80,1850107,1
34200.330863,3,90,180,1850306,-1
34200.332013,1,154,140,1850297,-1
34200.335870,3,85,37,1850334,1
34200.339483,1,155,20,1850188,1
34200.343319,1,156,40,1850370,-1
34200.343639,1,157,60,1850411,-1
34200.346090,1,158,10,1850324,-1
34200.349872,1,159,130,1850605,1
34200.352270,1,160,110,1850197,1
34200.355005,1,161,220,1850434,-1
34200.358654,1,162,10,1850559,-1
34200.362185,1,163,110,1850608,-1
34200.362450,1,164,270,1850827,-1
34200.363170,1,165,130,1850683,-1
34200.366189,1,166,20,1849965,1
34200.368874,1,167,80,1849919,1
34200.371956,1,168,80,1850341,-1
34200.372102,1,169,70,1850400,-1
34200.375019,1,170,320,1850353,-1
34200.375604,1,171,260,1850351,1
34200.379385,1,172,20,1849935,1
34200.382091,1,173,180,1850282,1
34200.382793,1,174,90,1850088,1
34200.383554,1,175,340,1850504,1
34200.387480,1,176,320,1850331,1
34200.390536,1,177,340,1850489,-1
34200.391158,1,178,40,1850650,-1
34200.392243,1,179,390,1850879,-1
34200.393547,1,180,220,1850629,1
34200.395341,1,181,280,1850183,1
34200.397002,1,182,240,1850295,1
34200.398666,1,183,80,1850194,-1
34200.400596,1,184,340,1850520,1
34200.404377,1,185,300,1850204,-1
34200.404663,1,186,160,1850426,-1
34200.408660,1,187,350,1850477,-1
34200.408666,1,188,20,1850592,-1
34200.412078,1,189,340,1850592,-1
34200.415069,1,190,10,1850078,-1
34200.418112,1,191,210,1850443,-1
34200.421742,1,192,120,1850659,-1
34200.425041,1,193,370,1850498,1
34200.427310,3,129,165,1850348,1
34200.430761,1,194,300,1850616,-1
34200.432690,3,65,27,1850214,1
34200.433751,1,195,330,1850258,-1
34200.435786,1,196,30,1849953,1
34200.438198,1,197,400,1850562,-1
34200.441040,1,198,180,1850394,-1
34200.443254,1,199,120,1850073,1
34200.446848,1,200,140,1850280,-1
34200.447561,1,201,140,1850128,-1
34200.449987,1,202,370,1850425,1
34200.452128,1,203,400,1850413,1
34200.453538,3,133,84,1850280,1
34200.454438,1,204,230,1850030,1
34200.458245,1,205,90,1850408,-1
34200.458690,1,206,350,1850233,1
34200.462203,3,1,185,1850082,1
34200.466125,1,207,70,1850379,-1
34200.467609,1,208,50,1850178,1
34200.468164,1,209,150,1850370,1
34200.469674,1,210,350,1849967,1
34200.472718,3,161,179,1850087,1
34200.475048,1,211,370,1849755,1
34200.475098,1,212,40,1849960,-1
34200.475616,1,213,280,1849883,-1
34200.478389,1,214,10,1850433,-1
34200.480076,1,215,270,1849948,-1
34200.481223,1,216,400,1849880,1
34200.482487,1,217,270,1850425,-1
34200.482910,1,218,390,1850492,-1
34200.484302,1,219,380,1849974,1
34200.487091,1,220,380,1850086,-1
34200.488884,3,170,47,1849941,1
34200.489484,1,221,270,1850177,1
34200.490931,1,222,60,1850222,-1
34200.492852,1,223,110,1849871,1
34200.492887,1,224,140,1849931,-1
34200.496538,1,225,180,1849984,1
34200.500031,1,226,150,1850063,1
34200.502950,1,227,80,1850363,-1
34200.505179,1,228,120,1850490,-1
34200.509025,1,229,160,1849779,1
34200.511843,1,230,130,1850280,-1
34200.512444,1,231,380,1849865,1
34200.516231,3,160,159,1849998,-1
34200.516802,1,232,20,1850325,-1
34200.517334,1,233,300,1849718,1
34200.520013,3,222,102,1849967,1
34200.520455,1,234,230,1850312,-1
34200.520651,1,235,150,1850138,1
34200.523522,1,236,140,1849964,-1
34200.525479,1,237,120,1850501,-1
34200.527326,1,238,80,1850252,1
34200.528226,3,121,12,1850095,-1
34200.530574,3,74,100,1850078,1
34200.531786,1,239,80,1850480,-1
34200.532614,1,240,290,1850465,-1
34200.535137,1,241,10,1849930,-1
34200.538549,1,242,120,1850501,-1
34200.542204,1,243,270,1850299,-1
34200.544077,1,244,300,1850215,-1
34200.544539,1,245,220,1850315,-1
34200.545492,1,246,290,1850497,-1
34200.548828,1,247,100,1850530,-1
34200.552003,3,73,87,1850106,-1
34200.555439,1,248,330,1849935,-1
34200.556767,3,198,73,1850134,-1
34200.560662,1,249,210,1850132,-1
34200.564155,1,250,10,1850346,-1
34200.566039,1,251,160,1850181,-1
34200.566525,1,252,170,1850319,-1
34200.569893,3,168,92,1850185,1
34200.570322,1,253,400,1849957,-1
34200.571218,1,254,400,1849862,1
34200.572388,1,255,230,1850063,1
34200.574919,1,256,80,1850323,1
34200.578307,1,257,140,1850379,-1
34200.581860,1,258,40,1849981,-1
34200.582539,3,180,133,1850112,1
34200.583873,1,259,270,1849727,1
34200.586698,1,260,390,1849989,-1
34200.588416,1,261,360,1850315,-1
34200.591165,1,262,150,1850387,-1
34200.594007,1,263,80,1850325,-1
34200.596555,1,264,240,1850168,1
34200.599630,1,265,120,1850137,1
34200.600350,1,266,40,1849914,1
34200.601103,1,267,50,1850313,-1
34200.603145,1,268,110,1849771,1
34200.606262,1,269,70,1849641,1
34200.608134,1,270,340,1850013,-1
34200.611069,3,239,94,1849740,-1
34200.611434,1,271,390,1849989,1
34200.613789,3,265,158,1849869,-1
34200.617159,1,272,350,1850247,-1
34200.619698,1,273,120,1849776,-1
34200.622360,1,274,40,1849469,1
34200.622573,1,275,210,1849560,1
34200.622629,1,276,80,1849542,-1
34200.624184,3,132,88,1849768,-1
34200.627375,1,277,40,1850064,-1
34200.630811,1,278,400,1850138,-1
34200.633698,1,279,30,1850263,-1
34200.634539,1,280,380,1850192,-1
34200.638476,3,2,52,1849892,-1
34200.640522,1,281,60,1849906,-1
34200.641680,1,282,10,1849942,-1
34200.643481,1,283,30,1849735,1
34200.645163,1,284,30,1849751,1
34200.645479,1,285,140,1850408,1
34200.646083,1,286,50,1850369,1
34200.648487,3,250,147,1850368,1
34200.651163,3,62,98,1850468,-1
34200.654796,1,287,130,1850650,-1
34200.657603,1,288,140,1850465,-1
34200.660213,1,289,360,1850610,1
34200.663138,1,290,320,1850352,1
34200.666695,1,291,90,1850498,1
34200.669290,1,292,380,1850323,1
34200.671398,1,293,250,1850380,1
34200.673049,1,294,210,1850786,1
34200.674390,1,295,360,1850683,1
34200.677711,1,296,160,1850837,-1
34200.680864,1,297,400,1850604,1
34200.684041,3,215,40,1850444,1
34200.684390,1,298,20,1850514,-1
34200.688256,1,299,390,1850073,1
34200.690805,1,300,150,1850577,1
34200.691146,1,301,360,1850649,-1
34200.691645,1,302,280,1850571,-1
34200.695454,1,303,290,1850585,-1
34200.697445,1,304,20,1850560,-1
34200.699684,3,247,91,1850282,-1
34200.700766,1,305,150,1850644,-1
34200.700783,1,306,20,1850268,-1
34200.701255,3,44,193,1850243,-1
34200.701288,1,307,110,1850145,1
34200.705136,1,308,50,1849931,1
34200.708898,1,309,350,1850072,1
34200.712071,3,28,115,1850342,1
34200.713049,1,310,320,1850595,-1
34200.715241,1,311,160,1850617,-1
34200.718658,1,312,400,1850251,1
34200.719174,1,313,50,1850732,-1
34200.721933,1,314,360,1850572,-1
34200.723929,1,315,190,1850165,-1
34200.727300,1,316,200,1849940,1
34200.728330,3,134,121,1850441,-1
34200.730282,1,317,400,1850723,1
34200.731229,3,285,58,1850552,1
34200.732109,1,318,140,1850966,-1
34200.735931,1,319,400,1851014,-1
34200.737185,1,320,140,1850890,-1
34200.737287,1,321,240,1850300,1
34200.738380,1,322,50,1850658,-1
34200.741428,1,323,180,1850557,-1
34200.742053,1,324,120,1851095,-1
34200.743632,1,325,340,1850780,-1
34200.744871,3,217,57,1850806,1
34200.745769,1,326,270,1850644,1
34200.748283,1,327,350,1850779,-1
34200.751712,1,328,180,1851024,-1
34200.753492,1,329,20,1850929,-1
34200.754974,1,330,180,1850772,-1
34200.758198,1,331,210,1850574,-1
34200.761799,1,332,150,1850811,1
34200.763344,1,333,190,1850990,-1
34200.764445,1,334,220,1850449,-1
34200.766674,1,335,20,1850996,-1
34200.768637,1,336,320,1850170,1
34200.772065,3,243,190,1850592,-1
34200.775503,1,337,200,1850234,1
34200.779054,1,338,370,1850328,-1
34200.780018,3,47,140,1850482,-1
34200.781482,1,339,190,1850601,-1
34200.782597,1,340,160,1850709,-1
34200.785152,1,341,150,1850649,-1
34200.787219,1,342,350,1850573,1
34200.787349,1,343,350,1850769,-1
34200.789145,1,344,200,1850413,1
34200.790951,1,345,280,1850174,1
34200.792332,3,278,160,1850580,-1
34200.792551,1,346,30,1850654,-1
34200.794009,1,347,160,1850381,1
34200.796375,1,348,150,1850193,1
34200.798292,1,349,10,1850428,-1
34200.801833,1,350,50,1850720,-1
34200.801979,1,351,60,1850194,1
34200.803079,1,352,370,1850552,-1
34200.804002,1,353,20,1850965,-1
34200.807215,1,354,110,1850519,1
34200.809913,1,355,320,1850981,-1
34200.813671,1,356,210,1850732,-1
34200.813699,1,357,50,1850255,1
34200.816866,1,358,50,1851070,-1
34200.817911,1,359,80,1850214,1
34200.820965,1,360,390,1850345,1
34200.821992,1,361,100,1851045,-1
34200.824069,1,362,270,1850457,-1
34200.828068,1,363,140,1850958,-1
34200.830618,1,364,20,1850733,-1
34200.832359,1,365,230,1850685,-1
34200.834896,1,366,380,1850824,-1
34200.837423,1,367,60,1850404,1
34200.841009,1,368,250,1850828,-1
34200.841806,1,369,320,1850860,-1
34200.844356,3,363,42,1850474,1
34200.846318,3,10,90,1850430,1
34200.847842,3,226,89,1850521,-1
34200.849018,3,173,57,1850606,1
34200.851487,3,281,10,1850519,-1
34200.854336,1,370,210,1850260,1
34200.854704,3,277,60,1850547,1
34200.857051,1,371,200,1850510,-1
34200.859128,3,362,58,1850424,-1
34200.863034,1,372,170,1849981,1
34200.863418,1,373,260,1850678,-1
34200.867384,1,374,300,1850736,-1
34200.868829,1,375,120,1850095,1
34200.870747,1,376,280,1850587,-1
34200.871114,1,377,280,1850631,-1
34200.873560,3,163,158,1850239,-1
34200.873863,1,378,140,1850009,-1
34200.875935,1,379,270,1850276,1
34200.877786,1,380,60,1850007,1
34200.879348,1,381,130,1850123,-1
34200.882396,3,319,27,1850243,1
34200.885569,1,382,380,1850303,-1
34200.887508,1,383,190,1849942,1
34200.891391,1,384,140,1850536,-1
34200.893165,1,385,380,1850694,-1
34200.894471,1,386,10,1850554,-1
34200.895640,1,387,190,1850410,1
34200.898354,1,388,240,1850488,-1
34200.898775,1,389,160,1850763,-1
34200.899237,1,390,320,1850272,-1
34200.903027,1,391,110,1849992,1
34200.903913,1,392,340,1850552,1
34200.904116,1,393,10,1850476,-1
34200.907521,1,394,160,1850564,-1
34200.908711,3,116,46,1850407,-1
34200.909205,1,395,70,1850188,-1
34200.909437,1,396,10,1850332,1
34200.909841,1,397,80,1850219,-1
34200.910949,1,398,340,1850162,1
34200.911610,1,399,240,1850139,-1
34200.913763,1,400,360,1850750,-1
34200.914503,1,401,40,1850560,-1
34200.915018,1,402,130,1850117,1
34200.918675,1,403,370,1850584,-1
34200.921538,1,404,360,1850284,-1
34200.923712,1,405,240,1850820,-1
34200.925015,1,406,210,1850049,1
34200.925762,1,407,150,1850550,-1
34200.926337,1,408,250,1850048,1
34200.926931,1,409,340,1850515,-1
34200.930071,1,410,380,1850100,1
34200.932306,1,411,80,1850037,-1
34200.934522,1,412,150,1850257,1
34200.934737,1,413,90,1850333,1
34200.936691,1,414,200,1850189,1
34200.938027,1,415,280,1850104,1
34200.939083,1,416,290,1850061,-1
34200.941718,1,417,160,1850626,-1
34200.945220,1,418,110,1850569,-1
34200.947022,3,270,71,1850294,1
34200.949989,1,419,40,1850463,1
34200.952268,1,420,70,1850788,-1
34200.955052,3,379,199,1850321,1
34200.955336,1,421,110,1850071,1
34200.958612,1,422,330,1850322,-1
34200.960070,1,423,80,1849978,-1
34200.961888,1,424,380,1849919,1
34200.963234,1,425,140,1850289,1
34200.964865,1,426,370,1850537,-1
34200.967584,1,427,200,1850034,-1
34200.970273,1,428,140,1849801,1
34200.973400,1,429,70,1850020,-1
34200.977082,1,430,210,1850054,1
34200.980398,1,431,140,1850440,-1
34200.982839,1,432,350,1850117,-1
34200.985854,1,433,280,1850014,-1
34200.987013,1,434,120,1850246,-1
34200.990206,1,435,50,1850162,-1
34200.992082,1,436,340,1849967,1
34200.992453,1,437,200,1850063,1
34200.994764,1,438,120,1850540,1
34200.995632,1,439,230,1849898,1
34200.998233,1,440,330,1850484,-1
34201.000707,1,441,310,1849844,1
34201.001182,1,442,290,1850374,-1
34201.003450,1,443,230,1850197,-1
34201.007356,1,444,240,1850341,-1
34201.007980,1,445,130,1850073,-1
34201.011964,1,446,350,1850149,1
34201.012490,3,131,35,1850288,1
34201.013307,3,144,175,1850334,-1
34201.014462,1,447,400,1849923,1
34201.017705,1,448,220,1850825,-1
34201.020970,1,449,250,1850605,-1
34201.020991,1,450,260,1850655,-1
34201.022100,3,241,65,1850519,-1
34201.024208,1,451,250,1850508,-1
34201.025100,1,452,370,1850727,1
34201.028647,1,453,40,1850518,-1
34201.031462,3,314,56,1850502,-1
34201.032923,1,454,240,1850758,-1
34201.035013,1,455,210,1850366,1
34201.035638,1,456,270,1850375,1
34201.037248,1,457,360,1850563,1
34201.040739,1,458,180,1850631,-1
34201.044045,1,459,280,1850663,1
34201.044237,1,460,260,1850787,-1
34201.044700,1,461,160,1850552,-1
34201.047932,3,426,198,1850704,-1
34201.050811,1,462,220,1850572,1
34201.053591,1,463,330,1850539,-1
34201.054292,1,464,330,1850524,-1
34201.058010,1,465,100,1850425,1
34201.058214,1,466,220,1850815,-1
34201.061842,1,467,120,1850939,1
34201.062968,1,468,350,1850940,-1
34201.064448,1,469,200,1851160,-1
34201.066612,1,470,270,1851213,-1
34201.067261,1,471,20,1851118,-1
34201.068974,1,472,350,1851011,1
34201.070576,1,473,20,1851279,-1
34201.073005,1,474,390,1851291,-1
34201.074426,1,475,70,1850924,-1
34201.077085,1,476,160,1851010,-1
34201.080052,3,292,60,1850924,-1
34201.081782,3,410,154,1850916,1
34201.085593,1,477,20,1850804,-1
34201.088812,1,478,30,1850574,1
34201.092540,1,479,150,1850516,1
34201.096313,1,480,330,1850847,1
34201.097644,1,481,280,1850529,-1
34201.100392,1,482,180,1850962,-1
34201.104079,3,424,47,1850441,-1
34201.107701,1,483,240,1850690,1
34201.111440,1,484,100,1850523,-1
34201.111927,1,485,340,1850205,1
34201.112905,1,486,270,1850704,-1
34201.115703,1,487,250,1850623,1
34201.117172,1,488,210,1850530,1
34201.117772,1,489,30,1850656,-1
34201.120087,1,490,270,1850620,-1
34201.122477,1,491,50,1850463,-1
34201.125692,1,492,220,1850429,1
34201.126573,3,216,55,1850303,-1
34201.126807,1,493,280,1850217,-1
34201.127659,1,494,330,1850167,1
34201.128154,1,495,40,1850185,1
34201.131264,1,496,40,1850375,-1
34201.133565,1,497,210,1850452,1
34201.134080,1,498,270,1850648,-1
34201.134662,1,499,360,1849845,1
34201.136720,1,500,90,1850276,1
34201.139076,3,383,136,1850148,1
34201.139803,1,501,130,1850185,1
34201.143788,3,135,75,1850016,-1
34201.145363,1,502,330,1849590,1
34201.149023,1,503,370,1850323,-1
34201.149820,1,504,130,1849726,1
34201.153756,1,505,130,1849983,-1
34201.153909,3,479,59,1849909,-1
34201.154011,1,506,340,1849814,-1
34201.157691,3,126,193,1849843,1
34201.160385,1,507,180,1849456,1
34201.163223,1,508,120,1849898,-1
34201.163368,1,509,150,1850053,1
34201.166658,1,510,320,1849875,-1
34201.169446,1,511,240,1849897,-1
34201.171624,1,512,330,1849759,1
34201.174702,1,513,140,1849930,1
34201.175604,1,514,270,1850392,-1
34201.179329,3,368,59,1849935,1
34201.180544,1,515,320,1850265,-1
34201.184239,1,516,170,1850334,-1
34201.186732,3,322,42,1850032,-1
34201.187715,3,372,25,1850005,-1
34201.189334,1,517,70,1849886,1
34201.189636,1,518,20,1849542,1
34201.193472,1,519,180,1849726,1
34201.195364,1,520,330,1849391,1
34201.197964,1,521,350,1849880,-1
34201.198728,1,522,10,1850071,-1
34201.201076,1,523,370,1849702,-1
34201.204319,1,524,70,1849543,1
34201.207653,1,525,320,1849860,1
34201.208890,1,526,200,1849883,-1
34201.209803,1,527,360,1849728,1
34201.210320,3,233,141,1849697,1
34201.212182,1,528,150,1850183,-1
34201.212466,3,154,64,1849682,-1
34201.213726,1,529,110,1849319,1
34201.216494,1,530,60,1849737,1
34201.220282,1,531,320,1849328,1
34201.224269,1,532,300,1849481,-1
34201.226436,1,533,280,1849185,1
34201.229255,1,534,290,1849609,1
34201.232634,1,535,300,1849636,1
34201.234792,1,536,150,1849451,-1
34201.238376,1,537,400,1849902,-1
34201.238935,1,538,160,1849699,1
34201.239735,3,399,75,1849634,-1
34201.243259,1,539,320,1849523,-1
34201.243957,1,540,60,1849500,1
34201.244937,1,541,350,1849936,1
34201.247833,1,542,190,1849773,1
34201.250624,1,543,350,1849495,-1
34201.250803,1,544,260,1849784,-1
34201.251718,1,545,170,1850032,-1
34201.253877,3,275,110,1849625,1
34201.257513,1,546,140,1849443,1
34201.260304,1,547,160,1849775,1
34201.261803,1,548,10,1849973,-1
34201.265792,1,549,40,1849234,1
34201.265964,1,550,210,1849339,1
34201.267976,1,551,200,1849045,1
34201.269203,1,552,270,1849354,1
34201.271348,1,553,80,1849602,1
34201.272620,3,246,74,1849410,1
34201.274601,1,554,170,1849538,-1
34201.275210,1,555,180,1849420,1
34201.277279,1,556,380,1849290,1
34201.278845,1,557,110,1849169,1
34201.280784,1,558,350,1849678,-1
34201.280917,1,559,60,1849285,1
34201.282250,1,560,110,1849893,-1
34201.284690,1,561,310,1849353,-1
34201.288245,1,562,190,1849321,1
34201.288837,1,563,140,1849120,-1
34201.291301,1,564,200,1849524,1
34201.292189,1,565,40,1849252,1
34201.295470,1,566,100,1849469,1
34201.298000,3,337,142,1849366,1
34201.300182,1,567,230,1849297,1
34201.301308,1,568,260,1849215,-1
34201.304277,3,473,17,1849438,1
34201.306224,1,569,360,1849351,-1
34201.306677,1,570,380,1849758,-1
34201.307948,1,571,140,1849257,1
34201.311845,1,572,110,1849304,1
34201.314439,1,573,140,1849719,-1
34201.316656,3,376,127,1849259,1
34201.318202,1,574,120,1849486,1
34201.318577,1,575,120,1849098,-1
34201.320965,3,467,45,1849334,1
34201.322540,1,576,260,1849159,-1
34201.324296,1,577,100,1849706,-1
34201.326318,1,578,160,1849072,1
34201.327544,1,579,180,1849932,-1
34201.330435,1,580,30,1849720,1
34201.330475,1,581,260,1849307,1
34201.331536,1,582,350,1849190,1
34201.333182,1,583,280,1849615,-1
34201.335638,1,584,240,1849307,-1
34201.339630,1,585,380,1849190,-1
34201.341451,1,586,340,1849797,-1
34201.342955,1,587,310,1849168,1
34201.343216,1,588,400,1849685,-1
34201.343579,1,589,230,1849575,1
34201.343845,1,590,210,1849293,-1
34201.344043,1,591,380,1849211,-1
34201.347758,1,592,70,1849561,-1
34201.351359,1,593,180,1849116,1
34201.354159,3,474,143,1849232,-1
34201.355482,1,594,210,1849199,-1
34201.358295,3,542,70,1849227,1
34201.361307,1,595,130,1848849,1
34201.364954,3,534,43,1849078,-1
34201.367430,1,596,300,1848912,1
34201.367521,1,597,350,1848886,-1
34201.368812,1,598,170,1848600,1
34201.368976,1,599,350,1848735,1
34201.371900,1,600,160,1849074,1
34201.372780,1,601,30,1849320,-1
34201.374209,1,602,150,1849266,-1
34201.374466,1,603,200,1849026,-1
34201.377191,1,604,330,1848480,1
34201.380795,1,605,310,1848730,-1
34201.384518,1,606,150,1848507,1
34201.385038,1,607,130,1848741,-1
34201.388205,1,608,400,1848996,1
34201.388643,1,609,360,1848936,-1
34201.389670,1,610,320,1848610,1
34201.390584,1,611,290,1849071,-1
34201.394182,1,612,10,1848585,1
34201.395984,1,613,250,1849212,-1
34201.399513,1,614,390,1848749,-1
34201.402939,1,615,30,1848494,1
34201.406068,3,267,106,1848735,-1
34201.407273,3,605,191,1848716,-1
34201.408800,1,616,220,1848495,1
34201.409990,1,617,130,1848817,1
34201.411852,1,618,50,1848573,1
34201.414788,1,619,120,1848784,-1
34201.414962,1,620,270,1848346,1
34201.416114,1,621,340,1848614,-1
34201.416939,1,622,330,1848583,1
34201.419101,1,623,210,1848524,1
34201.421237,1,624,230,1849123,-1
34201.423709,3,527,115,1848979,-1
34201.427009,1,625,390,1848855,1
34201.430602,1,626,380,1849377,-1
34201.434119,3,515,88,1849087,-1
34201.435696,3,193,189,1849168,-1
34201.437014,3,626,60,1849246,-1
34201.438582,1,627,30,1849613,-1
34201.441880,1,628,300,1849083,-1
34201.443892,1,629,220,1848960,1
34201.446926,1,630,50,1849279,-1
34201.448025,1,631,320,1849291,-1
34201.448388,1,632,300,1849002,1
34201.451425,1,633,160,1848880,1
34201.451826,1,634,270,1849200,-1
34201.452930,1,635,140,1848892,1
34201.456708,1,636,230,1849309,-1
34201.459970,1,637,50,1848886,1
34201.461222,1,638,100,1848745,1
34201.462947,1,639,250,1848820,-1
34201.463434,1,640,210,1848794,-1
34201.466595,3,447,189,1849022,1
34201.470434,1,641,150,1849255,-1
34201.471546,1,642,180,1849239,-1
34201.472209,1,643,90,1848797,-1
34201.473873,3,444,199,1848883,-1
34201.475931,1,644,280,1848646,1
34201.479431,3,638,26,1848837,-1
34201.479646,1,645,160,1849032,-1
34201.483019,3,586,24,1848886,1
34201.483428,1,646,130,1848961,-1
34201.485216,1,647,170,1848765,-1
34201.488927,1,648,240,1848884,1
34201.492379,1,649,300,1848608,1
34201.493907,3,400,20,1848845,-1
34201.494727,1,650,200,1848483,1
34201.495752,1,651,20,1848651,1
34201.497019,1,652,340,1849256,-1
34201.499466,1,653,280,1849113,1
34201.501448,1,654,180,1848873,-1
34201.501566,3,643,105,1848894,-1
34201.502167,3,438,104,1848841,-1
34201.505485,3,565,74,1848808,-1
34201.508765,1,655,250,1848785,1
34201.510144,1,656,160,1849237,-1
34201.513110,1,657,210,1849373,-1
34201.513280,1,658,210,1849066,1
34201.516360,1,659,10,1849155,-1
34201.516651,1,660,110,1848424,1
34201.519938,1,661,80,1848514,1
34201.521791,1,662,370,1849112,-1
34201.523095,1,663,250,1848491,-1
34201.526488,1,664,90,1848999,-1
34201.528842,1,665,230,1848713,1
34201.529725,1,666,300,1848170,1
34201.533570,3,288,32,1848591,-1
34201.534236,1,667,240,1848866,1
34201.536048,1,668,280,1848415,1
34201.537335,1,669,350,1848951,-1
34201.538712,1,670,210,1848887,-1
34201.541960,1,671,70,1848375,1
34201.545117,1,672,260,1848350,1
34201.549039,3,346,141,1848792,-1
34201.552800,1,673,80,1848878,-1
34201.555699,3,263,146,1848714,-1
34201.557164,3,468,96,1848663,1
34201.557832,3,412,74,1848601,1
34201.560286,1,674,400,1848595,-1
34201.562552,1,675,400,1848833,1
34201.564140,1,676,280,1848828,1
34201.565961,1,677,270,1848225,1
34201.566604,3,517,47,1848522,1
34201.567219,1,678,60,1848594,-1
34201.569985,1,679,310,1848755,-1
34201.571132,1,680,60,1848627,-1
34201.571770,1,681,150,1848978,-1
34201.573333,1,682,100,1848915,-1
34201.577316,1,683,110,1848387,-1
34201.579063,3,449,60,1848605,-1
34201.582985,1,684,340,1848258,1
34201.583422,3,229,186,1848588,-1
34201.586860,1,685,150,1848104,1
34201.588072,1,686,170,1848734,1
34201.589116,1,687,280,1848186,1
34201.589942,1,688,190,1848431,1
34201.591064,1,689,200,1848479,1
34201.592478,1,690,40,1848860,-1
34201.596164,3,350,125,1848814,1
34201.596509,1,691,330,1848655,1
34201.596992,1,692,280,1848582,1
34201.598291,1,693,120,1848776,-1
34201.602096,1,694,40,1849018,-1
34201.604284,3,657,84,1848839,1
34201.606103,3,487,112,1848830,-1
34201.606126,1,695,140,1848963,-1
34201.610117,3,401,172,1848992,1
34201.613095,1,696,70,1848812,1
34201.614567,1,697,220,1849156,1
34201.617545,1,698,350,1848939,-1
34201.620308,1,699,40,1848738,1
34201.621978,1,700,390,1848901,-1
34201.623457,3,684,108,1849018,1
34201.624524,1,701,10,1848485,1
34201.625084,1,702,210,1848892,-1
34201.625806,3,512,31,1849080,1
34201.625992,3,302,134,1849106,1
34201.627351,1,703,390,1848815,1
34201.629562,3,420,171,1849171,1
34201.633383,1,704,150,1848740,1
34201.634037,1,705,200,1849526,-1
34201.635079,1,706,50,1848643,1
34201.637502,1,707,310,1848753,1
34201.638475,1,708,200,1848986,-1
34201.642200,1,709,240,1848800,1
34201.645256,1,710,160,1849186,-1
34201.645429,1,711,240,1849137,-1
34201.646465,1,712,300,1849469,-1
34201.646891,1,713,350,1848795,1
34201.647788,1,714,200,1849366,-1
34201.651570,3,416,72,1848957,-1
34201.654428,1,715,360,1849044,-1
34201.655200,1,716,150,1848890,1
34201.656578,1,717,180,1849065,-1
34201.656830,1,718,30,1848577,-1
34201.657695,1,719,330,1848563,1
34201.660230,1,720,380,1848464,1
34201.663249,1,721,140,1848865,-1
34201.667160,3,460,39,1848835,-1
34201.670911,1,722,230,1848756,1
34201.672307,1,723,180,1848601,1
34201.673609,1,724,360,1848843,1
34201.677342,1,725,330,1848894,1
34201.680144,1,726,220,1848594,1
34201.682427,3,320,46,1848984,1
34201.685684,1,727,310,1849266,-1
34201.688193,1,728,150,1848945,1
34201.689235,1,729,170,1849196,-1
34201.691430,1,730,170,1849363,-1
34201.691865,1,731,90,1849418,-1
34201.695058,1,732,270,1848881,-1
34201.697222,1,733,380,1848960,-1
34201.697897,1,734,160,1849406,-1
34201.700729,1,735,290,1849278,-1
34201.703308,1,736,160,1849114,1
34201.706302,1,737,230,1849397,1
34201.710240,1,738,340,1849522,-1
34201.713705,1,739,360,1849052,1
34201.714598,1,740,310,1848913,1
34201.716650,1,741,40,1849433,1
34201.718002,1,742,140,1849845,-1
34201.718551,1,743,110,1849130,1
34201.719701,1,744,30,1849591,-1
34201.720277,1,745,20,1849871,-1
34201.723221,1,746,30,1849375,-1
34201.726303,1,747,200,1849087,1
34201.728445,1,748,190,1849570,-1
34201.728528,3,513,63,1849301,1
34201.729513,3,570,94,1849204,-1
34201.732908,3,695,120,1849223,1
34201.734119,3,388,131,1849169,-1
34201.737151,1,749,130,1849297,-1
34201.739961,3,723,48,1849104,-1
34201.741046,1,750,370,1849075,-1
34201.744340,3,729,18,1849105,1
34201.746813,1,751,240,1849142,-1
34201.747719,3,413,33,1849113,1
34201.751470,1,752,380,1849093,-1
34201.751909,1,753,30,1849485,-1
34201.752928,1,754,180,1848837,1
34201.753448,1,755,340,1849009,1
34201.754283,1,756,100,1848927,-1
34201.754316,1,757,70,1849422,-1
34201.755275,1,758,320,1849224,-1
34201.759126,1,759,390,1848986,-1
34201.760612,1,760,70,1849222,-1
34201.761989,1,761,350,1848826,1
34201.763613,1,762,220,1848810,-1
34201.765302,1,763,250,1848539,1
34201.765880,1,764,20,1849079,-1
34201.768265,3,315,153,1848901,-1
34201.768762,1,765,280,1848894,-1
34201.772491,1,766,210,1848638,1
34201.775152,1,767,100,1848612,1
34201.777289,1,768,270,1848373,1
34201.781060,1,769,10,1848661,-1
34201.783471,1,770,60,1848246,1
34201.784189,1,771,140,1848612,1
34201.786861,1,772,180,1848536,-1
34201.789176,1,773,60,1848688,-1
34201.790493,1,774,390,1848424,1
34201.793928,3,737,175,1848751,-1
34201.795517,1,775,350,1848873,-1
34201.797405,1,776,280,1849012,-1
34201.800530,1,777,330,1848371,1
34201.801117,1,778,30,1848784,-1
34201.803989,1,779,240,1848614,1
34201.807866,1,780,120,1848812,-1
34201.809494,1,781,150,1848969,-1
34201.810150,1,782,260,1848210,1
34201.812512,1,783,150,1848858,-1
34201.816234,1,784,210,1848465,-1
34201.818187,1,785,20,1848851,-1
34201.819364,1,786,400,1848335,1
34201.820212,1,787,300,1848224,1
34201.821138,1,788,10,1848023,1
34201.825085,1,789,70,1848073,1
34201.826327,1,790,60,1848498,1
34201.829472,1,791,210,1848118,1
34201.832837,1,792,60,1848255,-1
34201.833833,1,793,120,1848476,1
34201.834178,1,794,100,1848139,1
34201.837442,1,795,230,1848311,1
34201.839741,1,796,40,1848011,1
34201.840794,1,797,200,1848354,-1
34201.843934,3,448,130,1848222,-1
34201.845798,1,798,210,1848343,-1
34201.849359,1,799,330,1848545,-1
34201.851075,1,800,380,1848359,1
34201.852192,1,801,400,1848557,-1
34201.852371,1,802,360,1848084,1
34201.855523,1,803,290,1848310,1
34201.858544,1,804,330,1848294,-1
34201.859561,1,805,90,1848320,1
34201.862875,3,403,163,1848137,1
34201.866327,1,806,270,1848603,-1
34201.868382,1,807,160,1848490,-1
34201.871305,1,808,220,1847964,1
34201.873536,1,809,360,1848669,-1
34201.875149,1,810,90,1847802,1
34201.878256,1,811,50,1848014,-1
34201.879198,1,812,330,1848004,-1
34201.881833,1,813,300,1848060,1
34201.885173,1,814,310,1848464,1
34201.885650,1,815,30,1848741,-1
34201.886340,1,816,160,1848783,-1
34201.886862,3,428,57,1848477,1
34201.887506,3,579,116,1848495,-1
34201.888925,1,817,300,1848660,1
34201.892311,1,818,310,1848403,1
34201.894307,1,819,400,1848569,-1
34201.896491,1,820,40,1848585,-1
34201.897762,1,821,30,1848607,-1
34201.899014,1,822,90,1848295,-1
34201.900055,1,823,60,1848127,1
34201.901850,1,824,340,1847955,1
34201.903303,1,825,150,1848176,-1
34201.905106,1,826,200,1848294,1
34201.906370,1,827,260,1848364,-1
34201.908774,1,828,380,1848085,1
34201.911226,3,434,19,1848142,1
34201.911594,1,829,150,1848025,1
34201.912607,3,450,37,1848098,1
34201.916218,1,830,60,1847979,1
34201.918747,1,831,250,1848278,1
34201.919685,1,832,310,1848172,1
34201.920557,3,724,70,1848215,1
34201.921779,1,833,90,1847796,1
34201.924411,1,834,310,1848072,-1
34201.926276,1,835,260,1848292,1
34201.928464,1,836,120,1848200,1
34201.930463,1,837,350,1847643,1
34201.933086,1,838,340,1848034,1
34201.936599,1,839,280,1848244,-1
34201.937298,1,840,90,1847646,1
34201.940215,1,841,210,1848060,1
34201.941903,1,842,60,1847918,1
34201.945495,1,843,170,1847648,1
34201.947393,1,844,240,1848021,-1
34201.951103,1,845,260,1848002,1
34201.952875,1,846,80,1848326,1
34201.956701,1,847,340,1848297,1
34201.957875,1,848,290,1847859,1
34201.961094,1,849,340,1848664,-1
34201.961822,1,850,280,1848182,1
34201.963761,1,851,370,1848152,-1
34201.965790,1,852,90,1847832,1
34201.968536,1,853,320,1848147,1
34201.969848,1,854,200,1848251,1
34201.970947,3,655,50,1848291,-1
34201.971999,3,596,140,1848229,-1
34201.972624,1,855,100,1847764,1
34201.974200,1,856,370,1848443,-1
34201.977997,1,857,350,1848233,1
34201.979490,1,858,190,1847937,-1
34201.980303,1,859,60,1847820,-1
34201.982260,1,860,100,1847470,1
34201.982448,3,571,77,1847948,1
34201.984808,1,861,240,1848203,-1
34201.985613,1,862,340,1848170,-1
34201.986937,3,518,112,1847734,1
34201.990108,1,863,350,1847713,1
34201.993290,1,864,220,1847610,-1
34201.997272,1,865,60,1847543,-1
34202.000737,1,866,390,1847865,-1
34202.002829,3,616,101,1847616,1
34202.004557,1,867,280,1847514,-1
34202.007306,1,868,110,1847378,-1
34202.010678,1,869,230,1847602,-1
34202.011272,1,870,90,1847135,1
34202.014422,1,871,20,1847305,1
34202.015636,1,872,110,1847254,1
34202.019252,1,873,170,1847224,1
34202.021204,1,874,130,1846913,1
34202.022871,1,875,290,1847755,-1
34202.025188,1,876,300,1847502,-1
34202.027347,1,877,320,1847629,1
34202.031221,1,878,320,1847660,-1
34202.033330,1,879,200,1847462,1
34202.036941,1,880,20,1847942,-1
34202.037416,1,881,350,1847491,1
34202.041222,1,882,350,1848058,-1
34202.043894,1,883,110,1847481,1
34202.044821,1,884,250,1847834,1
34202.046510,1,885,50,1847715,-1
34202.047329,1,886,330,1847469,1
34202.050975,1,887,250,1847665,1
34202.054023,3,667,92,1847821,-1
34202.056715,3,668,111,1847820,-1
34202.059990,1,888,180,1847886,-1
34202.062727,1,889,90,1847777,-1
34202.064558,1,890,290,1847577,-1
34202.065085,1,891,330,1847798,-1
34202.068944,3,880,98,1847708,1
34202.069454,1,892,40,1847347,1
34202.072582,1,893,350,1847585,-1
34202.074228,3,885,93,1847728,-1
34202.078078,1,894,130,1847648,1
34202.081491,1,895,350,1847670,-1
34202.081585,1,896,320,1848128,-1
34202.082986,1,897,50,1847850,1
34202.083880,1,898,180,1847885,1
34202.087639,1,899,340,1848087,-1
34202.089787,1,900,130,1847862,-1
34202.091429,1,901,210,1847458,-1
34202.092299,1,902,130,1847478,-1
34202.092410,3,476,27,1847599,1
34202.096364,1,903,360,1847381,1
34202.097082,1,904,180,1847476,-1
34202.099171,1,905,80,1847431,1
34202.101509,1,906,40,1847606,-1
34202.102965,1,907,60,1847143,1
34202.106766,1,908,70,1847394,-1
34202.107595,1,909,230,1847352,1
34202.109342,3,538,24,1847468,1
34202.110534,1,910,230,1847702,-1
34202.113303,1,911,270,1847548,-1
34202.115300,1,912,360,1847752,-1
34202.116103,1,913,130,1847660,-1
34202.117837,1,914,170,1847374,1
34202.119948,1,915,160,1847664,1
34202.120204,1,916,310,1847271,1
34202.121396,1,917,220,1847789,-1
34202.123129,3,649,154,1847673,-1
34202.124293,1,918,230,1848015,-1
34202.128202,1,919,270,1847660,-1
34202.131772,1,920,170,1847704,1
34202.132602,1,921,90,1847500,-1
34202.135890,1,922,170,1847809,-1
34202.137606,1,923,370,1847466,-1
34202.138072,1,924,320,1847490,1
34202.139748,1,925,320,1847576,1
34202.139822,1,926,260,1847701,-1
34202.140320,1,927,190,1847676,-1
34202.140570,1,928,300,1847515,1
34202.140805,1,929,270,1847505,1
34202.142270,1,930,20,1847502,1
34202.144321,1,931,160,1848070,-1
34202.144865,1,932,160,1847789,-1
34202.146914,1,933,290,1848201,-1
34202.148735,1,934,170,1847845,-1
34202.150408,1,935,220,1847941,-1
34202.152353,1,936,300,1847823,1
34202.153286,1,937,220,1848259,1
34202.154847,1,938,20,1848030,-1
34202.157601,1,939,100,1848504,-1
34202.158399,1,940,210,1848284,-1
34202.161043,1,941,190,1848351,-1
34202.162858,1,942,400,1848401,-1
34202.164446,1,943,30,1848505,-1
34202.164713,1,944,300,1848378,1
34202.167187,1,945,390,1848448,-1
34202.168918,1,946,250,1848538,-1
34202.172898,1,947,290,1847829,1
34202.173483,1,948,50,1847914,1
34202.177406,3,909,189,1848303,-1
34202.180273,3,533,19,1848274,-1
34202.180926,1,949,390,1848161,-1
34202.182215,1,950,60,1848005,1
34202.186014,1,951,170,1848096,1
34202.188734,1,952,80,1848446,-1
34202.189839,1,953,90,1848739,-1
34202.192187,3,823,140,1848271,1
34202.193203,1,954,190,1847863,1
34202.194106,1,955,120,1847884,1
34202.196066,1,956,400,1848149,-1
34202.199021,3,705,20,1848328,-1
34202.202135,3,851,85,1848292,-1
34202.205289,1,957,170,1848189,-1
34202.205712,1,958,320,1848043,1
34202.206400,1,959,140,1848622,-1
34202.208189,1,960,170,1848751,-1
34202.209173,1,961,290,1848632,-1
34202.210404,1,962,260,1848468,-1
34202.213433,1,963,110,1848461,-1
34202.216440,1,964,330,1848056,1
34202.217111,1,965,320,1848071,-1
34202.217373,1,966,30,1847896,1
34202.221154,1,967,10,1848039,-1
34202.225094,1,968,140,1847795,1
34202.226471,1,969,140,1848595,-1
34202.229831,1,970,290,1847858,1
34202.231017,1,971,270,1847963,1
34202.234295,1,972,50,1848022,1
34202.235180,1,973,220,1848605,-1
34202.236281,1,974,30,1848392,-1
34202.238117,1,975,310,1847801,1
34202.241934,3,921,198,1848136,-1
34202.245088,1,976,230,1847872,1
34202.248793,1,977,240,1848206,-1
34202.249570,1,978,150,1848471,-1
34202.251170,1,979,230,1847948,1
34202.253886,1,980,300,1848500,-1
34202.257570,1,981,230,1848199,1
34202.258823,1,982,290,1847892,-1
34202.259812,1,983,370,1848190,-1
34202.261663,1,984,110,1848072,1
34202.265660,1,985,140,1847768,1
34202.267308,1,986,190,1848194,1
34202.270784,1,987,280,1848418,-1
34202.270999,1,988,370,1848012,-1
34202.272564,1,989,30,1848096,1
34202.272699,1,990,190,1847905,-1
34202.275641,1,991,80,1848107,-1
34202.277703,1,992,140,1848167,1
34202.281618,3,569,197,1848086,-1
34202.284006,1,993,200,1847992,1
34202.287050,1,994,70,1848035,1
34202.290084,1,995,230,1847968,-1
34202.293784,1,996,110,1847558,1
34202.294895,1,997,340,1847891,1
34202.297906,1,998,190,1847949,-1
34202.299407,1,999,150,1847733,1
34202.299998,1,1000,110,1847680,1
34202.302255,1,1001,10,1848119,-1
34202.304248,1,1002,360,1848275,-1
34202.304660,1,1003,80,1848017,-1
34202.305445,1,1004,360,1847546,1
34202.305928,3,767,131,1847862,1
34202.307969,1,1005,260,1848188,-1
34202.311215,1,1006,330,1848232,-1
34202.312770,1,1007,170,1847831,-1
34202.314464,1,1008,400,1847950,1
34202.316474,1,1009,70,1847836,1
34202.318386,1,1010,280,1847428,1
34202.320093,1,1011,100,1847348,1
34202.321485,1,1012,330,1848009,-1
34202.321654,1,1013,40,1847501,1
34202.324414,1,1014,360,1847554,1
34202.327465,1,1015,300,1847968,-1
34202.330187,1,1016,280,1848126,-1
34202.332805,1,1017,340,1847636,1
34202.335312,1,1018,200,1848314,-1
34202.335851,3,956,75,1847890,1
34202.338897,3,751,96,1847890,-1
34202.339656,1,1019,250,1848159,-1
34202.340362,1,1020,160,1848102,-1
34202.342629,1,1021,130,1848175,-1
34202.344125,1,1022,400,1848069,1
34202.345221,1,1023,200,1847657,1
34202.348955,1,1024,380,1847570,1
34202.350039,3,915,99,1848005,1
34202.351254,1,1025,240,1847647,1
34202.352209,1,1026,90,1848292,-1
34202.355110,3,847,35,1848055,-1
34202.355788,1,1027,240,1848137,-1
34202.358250,1,1028,210,1847854,1
34202.359712,1,1029,100,1847867,1
34202.360277,1,1030,400,1848145,1
34202.361769,1,1031,270,1847667,1
34202.362502,1,1032,280,1847731,1
34202.365051,1,1033,260,1848309,-1
34202.368090,1,1034,330,1847803,-1
34202.369928,1,1035,30,1847410,1
34202.372088,1,1036,370,1847454,1
34202.373724,3,794,52,1847818,1
34202.377683,3,692,130,1847827,-1
34202.380403,1,1037,270,1847760,-1
34202.383128,1,1038,60,1847568,1
34202.383253,1,1039,10,1848219,-1
34202.384840,1,1040,100,1848021,-1
34202.384935,1,1041,50,1847821,-1
34202.388430,1,1042,330,1848072,-1
34202.390658,3,975,60,1848040,-1
34202.393902,1,1043,70,1847597,1
34202.396794,1,1044,290,1848054,-1
34202.398713,1,1045,400,1848320,-1
34202.401131,1,1046,290,1848182,1
34202.405074,1,1047,200,1848350,-1
34202.406116,1,1048,10,1847846,-1
34202.409005,1,1049,280,1847859,-1
34202.409874,1,1050,10,1848394,-1
34202.411518,1,1051,10,1848046,1
34202.412556,3,658,146,1847955,-1
34202.413143,1,1052,300,1847721,-1
34202.414145,1,1053,340,1848049,1
34202.416107,3,934,142,1847837,1
34202.417642,1,1054,60,1847957,1
34202.420744,3,995,33,1847708,1
34202.422710,1,1055,180,1847432,1
34202.424684,1,1056,340,1847410,1
34202.425626,1,1057,110,1847907,-1
34202.427255,3,690,186,1847494,-1
34202.429512,1,1058,190,1847713,-1
34202.432228,1,1059,250,1847765,-1
34202.434786,1,1060,30,1847674,-1
34202.435741,1,1061,50,1847096,1
34202.438432,1,1062,210,1847618,1
34202.441863,3,636,195,1847508,1
34202.443374,1,1063,130,1847778,-1
34202.444125,3,877,18,1847471,1
34202.447662,1,1064,320,1847773,-1
34202.448097,3,941,76,1847434,1
34202.448909,1,1065,180,1847549,1
34202.450884,1,1066,380,1847054,1
34202.453397,3,818,21,1847267,-1
34202.453403,1,1067,300,1846996,1
34202.456476,1,1068,360,1847454,1
34202.457185,1,1069,110,1847065,-1
34202.460343,3,696,62,1847236,-1
34202.463208,1,1070,340,1847005,1
34202.466775,1,1071,130,1846913,1
34202.469227,1,1072,90,1847081,-1
34202.469443,3,976,14,1847271,1
34202.472682,1,1073,110,1847115,1
34202.475668,1,1074,20,1846933,1
34202.476147,3,911,197,1847303,1
34202.480115,1,1075,170,1847674,-1
34202.483292,1,1076,120,1847117,1
34202.483780,3,963,85,1847299,-1
34202.486102,1,1077,110,1846956,1
34202.486293,1,1078,20,1846868,1
34202.490078,1,1079,280,1847474,-1
34202.492743,1,1080,60,1846967,-1
34202.496653,1,1081,90,1846909,1
34202.498689,1,1082,310,1847226,-1
34202.500495,1,1083,380,1846940,1
34202.500950,1,1084,390,1847273,-1
34202.503447,1,1085,110,1846597,1
34202.505798,1,1086,120,1847568,-1
34202.507825,1,1087,60,1847313,1
34202.510858,1,1088,90,1847352,-1
34202.511739,1,1089,360,1847308,1
34202.514646,1,1090,80,1847371,1
34202.516314,1,1091,180,1847281,-1
34202.517004,1,1092,350,1847208,1
34202.518187,1,1093,260,1847251,1
34202.520743,1,1094,380,1847386,-1
34202.523773,1,1095,70,1847755,-1
34202.524684,1,1096,270,1847889,-1
34202.525523,1,1097,50,1847289,-1
34202.528509,1,1098,150,1847345,1
34202.530260,1,1099,190,1847543,1
34202.530325,1,1100,200,1847230,1
34202.531040,1,1101,190,1847691,-1
34202.532175,1,1102,320,1847579,-1
34202.534958,1,1103,380,1847624,1
34202.538672,1,1104,330,1847676,-1
34202.539669,1,1105,160,1847604,-1
34202.541677,1,1106,320,1847534,1
34202.543907,1,1107,220,1847861,-1
34202.543996,1,1108,130,1848045,-1
34202.547587,1,1109,390,1847684,1
34202.551551,1,1110,400,1847224,-1
34202.552492,1,1111,20,1847511,-1
34202.556191,1,1112,190,1847271,-1
34202.556207,1,1113,210,1847525,1
34202.559257,1,1114,240,1847545,1
34202.562281,1,1115,100,1847300,1
34202.565109,1,1116,360,1847485,-1
34202.566183,1,1117,170,1847453,-1
34202.569906,3,948,123,1847546,-1
34202.570933,1,1118,340,1847622,1
34202.573081,1,1119,170,1847669,-1
34202.574432,1,1120,70,1847966,-1
34202.575167,1,1121,270,1847676,1
34202.579010,1,1122,230,1847232,1
34202.579847,1,1123,290,1847465,-1
34202.580609,3,798,137,1847407,1
34202.582079,1,1124,280,1847149,-1
34202.585953,1,1125,60,1847674,-1
34202.589347,3,1024,108,1847457,-1
34202.589402,1,1126,250,1847483,-1
34202.592777,1,1127,400,1847633,-1
34202.596350,1,1128,280,1847320,1
34202.599847,1,1129,220,1847252,1
34202.602009,1,1130,380,1847322,-1
34202.603196,1,1131,330,1847286,1
34202.605253,1,1132,300,1847246,1
34202.605523,1,1133,280,1847284,1
34202.605628,3,1006,190,1847624,1
34202.608234,3,1000,32,1847601,1
34202.612009,1,1134,240,1847097,1
34202.613453,1,1135,400,1847579,-1
34202.614609,1,1136,80,1847333,1
34202.614688,1,1137,140,1847515,1
34202.615912,1,1138,220,1847339,1
34202.618272,1,1139,80,1847533,-1
34202.620826,1,1140,160,1847871,1
34202.622219,1,1141,320,1847371,1
34202.623667,1,1142,90,1847368,1
34202.627326,1,1143,200,1847443,1
34202.631022,1,1144,230,1847984,-1
34202.633968,1,1145,200,1847404,1
34202.637137,1,1146,10,1847924,-1
34202.637688,1,1147,250,1847502,1
34202.641141,1,1148,330,1847609,1
34202.642887,1,1149,390,1847428,-1
34202.645293,1,1150,330,1847954,-1
34202.646727,1,1151,110,1847289,1
34202.650591,1,1152,40,1847799,1
34202.650627,3,807,93,1847557,-1
34202.650726,1,1153,150,1847165,1
34202.652145,1,1154,230,1847443,1
34202.652151,1,1155,340,1847523,-1
34202.655049,1,1156,350,1847760,-1
34202.656311,1,1157,250,1847399,1
34202.658676,3,778,137,1847506,1
34202.659289,1,1158,330,1847594,-1
34202.660106,3,1072,167,1847596,-1
34202.663634,1,1159,210,1847077,1
34202.663723,1,1160,70,1847703,1
34202.664212,1,1161,250,1847383,-1
34202.667270,1,1162,240,1847103,1
34202.669957,3,788,51,1847368,1
34202.670471,1,1163,230,1847616,-1
34202.672699,1,1164,400,1847255,1
34202.673026,1,1165,150,1847405,1
34202.673965,3,873,14,1847270,1
34202.677906,1,1166,330,1847039,1
34202.679355,1,1167,10,1847732,-1
34202.681284,1,1168,390,1847157,-1
34202.684471,1,1169,370,1847167,1
34202.688243,1,1170,320,1847742,-1
34202.689300,1,1171,260,1847535,-1
34202.692352,1,1172,290,1847375,-1
34202.693367,1,1173,250,1847123,-1
34202.694083,1,1174,320,1847459,-1
34202.695898,1,1175,290,1847253,-1
34202.699847,1,1176,210,1847024,1
34202.702354,1,1177,240,1846887,1
34202.705109,1,1178,160,1847160,1
34202.708839,1,1179,260,1846636,1
34202.712491,1,1180,330,1846900,1
34202.714676,3,1142,31,1846918,-1
34202.714909,1,1181,330,1847180,-1
34202.717245,1,1182,370,1846719,1
34202.721117,1,1183,170,1847281,1
34202.722679,1,1184,300,1847311,1
34202.725808,1,1185,140,1846870,1
34202.726706,1,1186,40,1846837,1
34202.730044,1,1187,130,1846830,1
34202.733507,1,1188,350,1847361,-1
34202.733567,1,1189,350,1847029,1
34202.735199,1,1190,370,1847108,1
34202.735281,1,1191,10,1847163,1
34202.737004,1,1192,340,1847663,-1
34202.739279,3,922,31,1847321,1
34202.740658,1,1193,180,1847377,1
34202.743369,1,1194,250,1847511,-1
34202.745418,1,1195,360,1847123,1
34202.747125,1,1196,140,1847131,1
34202.751063,1,1197,390,1847127,1
34202.751111,1,1198,270,1847096,1
34202.752697,3,925,191,1847148,1
34202.756549,1,1199,130,1847087,1
34202.757671,1,1200,240,1846985,-1
34202.761255,1,1201,160,1847336,1
34202.764712,1,1202,240,1847501,-1
34202.767169,1,1203,100,1846987,1
34202.768975,1,1204,240,1847607,-1
34202.772882,1,1205,140,1847109,1
34202.773071,1,1206,110,1847559,-1
34202.774684,1,1207,380,1846979,1
34202.776005,1,1208,120,1847401,-1
34202.779716,1,1209,400,1846711,1
34202.780156,1,1210,10,1847325,-1
34202.782397,1,1211,30,1847118,1
34202.784801,1,1212,220,1847097,-1
34202.785178,1,1213,140,1846895,-1
34202.786281,1,1214,240,1847008,-1
34202.789450,1,1215,240,1846849,1
34202.789772,3,928,106,1847106,1
34202.793194,1,1216,260,1847153,1
34202.793290,1,1217,240,1847302,1
34202.793738,1,1218,50,1846746,1
34202.795526,3,1152,17,1847124,-1
34202.798496,3,1162,13,1847171,1
34202.802183,3,960,103,1847109,-1
34202.805590,3,964,152,1847031,1
34202.806055,1,1219,100,1846546,1
34202.807915,1,1220,130,1846881,-1
34202.808948,1,1221,190,1847457,-1
34202.811374,1,1222,340,1847435,-1
34202.811860,1,1223,140,1847009,-1
34202.814486,1,1224,190,1847207,-1
34202.815332,1,1225,200,1847002,-1
34202.818684,1,1226,380,1846980,1
34202.819174,1,1227,170,1847089,-1
34202.822811,1,1228,310,1847097,-1
34202.825155,1,1229,300,1847210,-1
34202.826731,3,1229,40,1846817,1
34202.829126,3,839,146,1846756,-1
34202.830360,1,1230,80,1846863,1
34202.834154,1,1231,270,1846865,1
34202.836111,1,1232,400,1846409,1
34202.837995,1,1233,230,1846399,1
34202.839269,3,822,175,1846852,-1
34202.839756,1,1234,280,1847031,1
34202.842019,1,1235,120,1846990,-1
34202.844457,1,1236,30,1847270,-1
34202.844489,1,1237,390,1846677,1
34202.846468,1,1238,290,1847170,-1
34202.849511,1,1239,200,1846814,1
34202.852141,1,1240,280,1846587,1
34202.855230,1,1241,350,1846579,1
34202.856151,1,1242,310,1847099,-1
34202.860129,1,1243,80,1847060,-1
34202.861061,1,1244,320,1846605,-1
34202.862684,1,1245,140,1847141,-1
34202.863204,1,1246,310,1846461,1
34202.865851,1,1247,20,1847175,-1
34202.869203,1,1248,390,1846395,1
34202.870905,1,1249,200,1846604,-1
34202.874148,1,1250,40,1846853,-1
34202.874226,1,1251,370,1846700,1
34202.878136,1,1252,270,1846464,1
34202.879194,1,1253,70,1846865,-1
34202.881900,1,1254,160,1846774,1
34202.883495,1,1255,190,1846495,1
34202.885737,1,1256,290,1846413,1
34202.889640,1,1257,40,1846456,1
34202.892452,1,1258,60,1846714,-1
34202.894380,3,1190,88,1846597,-1
34202.895908,1,1259,370,1846943,-1
34202.897399,1,1260,200,1846757,1
34202.898146,1,1261,60,1846453,1
34202.900433,1,1262,160,1846797,-1
34202.902277,1,1263,160,1846438,1
34202.903110,1,1264,360,1846856,-1
34202.903199,1,1265,310,1846407,-1
34202.904622,3,1055,52,1846556,-1
34202.906176,1,1266,150,1846440,-1
34202.909199,1,1267,230,1846086,1
34202.912329,1,1268,370,1846107,1
34202.912747,1,1269,80,1846511,1
34202.915595,1,1270,200,1846697,-1
34202.916048,1,1271,360,1846466,-1
34202.916408,1,1272,330,1846104,1
34202.919345,1,1273,350,1846353,1
34202.921695,1,1274,330,1846136,1
34202.924575,1,1275,210,1846403,1
34202.925619,3,1235,26,1846262,-1
34202.928609,1,1276,90,1846194,1
34202.929382,1,1277,290,1846175,1
34202.932081,1,1278,20,1846032,1
34202.933941,3,910,133,1846286,-1
34202.934514,1,1279,270,1845933,1
34202.936738,1,1280,160,1846006,-1
34202.939172,1,1281,310,1846430,-1
34202.941800,1,1282,400,1845949,1
34202.943772,3,1139,54,1846237,1
34202.945107,3,882,195,1846185,1
34202.947541,1,1283,270,1846346,1
34202.950697,1,1284,250,1845999,-1
34202.953667,1,1285,270,1846126,-1
34202.955471,1,1286,360,1846393,-1
34202.956324,1,1287,150,1846457,-1
34202.957792,3,1252,18,1846169,1
34202.961064,1,1288,60,1846186,1
34202.964298,3,1202,164,1846157,1
34202.965671,3,884,99,1846058,1
34202.965860,1,1289,340,1845946,1
34202.969058,1,1290,260,1846384,-1
34202.970234,1,1291,260,1846491,-1
34202.971831,3,1100,145,1846006,-1
34202.973670,3,1071,64,1845972,1
34202.974232,1,1292,330,1845528,1
34202.976951,1,1293,150,1845561,1
34202.980645,1,1294,190,1846226,-1
34202.983923,1,1295,10,1845839,1
34202.986992,1,1296,200,1845679,1
34202.990884,1,1297,190,1845699,-1
34202.992170,1,1298,350,1845396,1
34202.995945,1,1299,390,1845920,-1
34202.996792,1,1300,100,1846196,-1
34202.998014,1,1301,10,1845885,1
34203.001599,1,1302,80,1845844,-1
34203.003237,1,1303,80,1845523,1
34203.006985,1,1304,370,1845921,1
34203.008639,1,1305,390,1846024,1
34203.012207,1,1306,300,1845882,1
34203.014639,1,1307,130,1845622,1
34203.017322,3,1305,10,1845923,-1
34203.017764,1,1308,350,1845444,1
34203.018248,1,1309,390,1846278,-1
34203.021989,3,1198,136,1845830,-1
34203.022501,1,1310,400,1846078,-1
34203.024908,1,1311,200,1845772,-1
34203.026420,1,1312,270,1845833,-1
34203.026589,1,1313,130,1845854,-1
34203.026608,3,1245,29,1845961,-1
34203.029623,1,1314,20,1845634,1
34203.030804,1,1315,140,1845558,1
34203.031513,1,1316,180,1845739,-1
34203.033087,1,1317,340,1846202,-1
34203.033560,1,1318,170,1845985,-1
34203.033709,1,1319,270,1845645,1
34203.034387,1,1320,100,1845716,-1
34203.035591,1,1321,130,1846343,-1
34203.035710,1,1322,210,1846405,-1
34203.038838,1,1323,310,1846184,1
34203.042747,1,1324,360,1845815,1
34203.046192,1,1325,130,1845775,1
34203.048569,1,1326,210,1845553,1
34203.052241,1,1327,120,1845901,-1
34203.052846,1,1328,110,1846387,-1
34203.055372,1,1329,80,1845721,1
34203.058413,1,1330,20,1845967,1
34203.061641,1,1331,360,1846385,-1
34203.064101,1,1332,100,1845669,1
34203.067362,1,1333,80,1845654,1
34203.070449,1,1334,380,1845595,1
34203.071425,1,1335,360,1846138,-1
34203.073946,1,1336,270,1846079,1
34203.076351,1,1337,40,1845993,1
34203.076635,1,1338,220,1845735,-1
34203.077040,1,1339,270,1846328,-1
34203.078762,3,1315,128,1845861,1
34203.080807,1,1340,380,1845622,-1
34203.081797,1,1341,130,1845881,1
34203.082941,1,1342,350,1845488,1
34203.084583,1,1343,320,1845633,-1
34203.084786,1,1344,280,1845850,1
34203.087364,3,920,127,1845748,-1
34203.088435,1,1345,280,1845705,-1
34203.090727,1,1346,230,1845947,1
34203.091823,1,1347,90,1845639,-1
34203.093034,1,1348,80,1845995,1
34203.095504,1,1349,190,1845972,1
34203.096664,3,1188,188,1845982,-1
34203.096687,1,1350,120,1846123,1
34203.097105,3,1017,174,1846017,-1
34203.099766,1,1351,220,1846112,-1
34203.102069,1,1352,330,1846387,-1
34203.104001,1,1353,120,1846223,-1
34203.105305,1,1354,380,1845944,1
34203.107025,1,1355,220,1846161,-1
34203.109055,1,1356,200,1846099,1
34203.111628,1,1357,40,1846412,-1
34203.114577,1,1358,130,1845931,1
34203.115408,3,1080,121,1846254,1
34203.118328,3,1028,192,1846260,1
34203.121216,1,1359,350,1846189,-1
34203.122252,1,1360,170,1846447,1
34203.123871,1,1361,340,1846299,-1
34203.125069,3,1087,139,1846404,-1
34203.128230,1,1362,100,1846424,-1
34203.129374,1,1363,350,1846099,1
34203.132613,1,1364,110,1846139,1
34203.134989,1,1365,140,1846630,-1
34203.138719,1,1366,300,1846468,-1
34203.140603,1,1367,70,1846312,1
34203.140644,1,1368,270,1846326,1
34203.144004,1,1369,350,1846387,-1
34203.146265,1,1370,200,1846850,-1
34203.147005,1,1371,140,1846623,1
34203.147604,1,1372,380,1846645,1
34203.147926,3,1361,90,1846520,1
34203.151358,1,1373,340,1846524,1
34203.155229,1,1374,140,1846117,1
34203.156164,1,1375,270,1846776,-1
34203.156756,1,1376,70,1846848,-1
34203.159528,1,1377,110,1846248,1
34203.160404,1,1378,190,1846294,1
34203.160946,1,1379,220,1846470,1
34203.161818,1,1380,340,1846074,1
34203.162975,1,1381,280,1846321,1
34203.166272,1,1382,230,1846212,1
34203.167096,1,1383,10,1846450,1
34203.168632,1,1384,180,1846878,-1
34203.170756,1,1385,220,1846923,1
34203.172708,1,1386,20,1846386,1
34203.176083,1,1387,20,1846333,1
34203.179325,1,1388,220,1847030,-1
34203.181026,1,1389,70,1846844,-1
34203.183366,1,1390,40,1846365,1
34203.185562,1,1391,330,1846748,-1
34203.189161,1,1392,220,1846803,1
34203.193025,1,1393,60,1846749,-1
34203.196760,1,1394,40,1847004,-1
34203.199551,1,1395,230,1846583,1
34203.201921,1,1396,240,1846805,-1
34203.205504,1,1397,140,1846716,-1
34203.206250,3,1144,55,1846932,-1
34203.207735,1,1398,70,1846971,1
34203.209524,1,1399,150,1847151,-1
34203.211935,3,1271,90,1846849,-1
34203.213429,1,1400,100,1847176,-1
34203.213647,1,1401,390,1846545,1
34203.216348,1,1402,50,1846573,1
34203.217139,1,1403,350,1847205,-1
34203.220616,1,1404,270,1846895,-1
34203.224169,1,1405,150,1846889,1
34203.227457,1,1406,80,1846639,-1
34203.228859,3,1156,60,1846699,1
34203.230967,3,1299,74,1846683,-1
34203.234763,1,1407,60,1846673,1
34203.236922,1,1408,140,1847207,-1
34203.239425,1,1409,90,1846439,1
34203.239663,1,1410,260,1846668,-1
34203.241339,3,1134,145,1846792,1
34203.244802,3,1232,113,1846825,-1
34203.246048,3,1345,27,1846784,-1
34203.249087,1,1411,170,1846880,1
34203.251766,1,1412,230,1846490,1
34203.253184,1,1413,210,1846752,1
34203.253473,1,1414,390,1846575,-1
34203.255876,1,1415,250,1846776,1
34203.258587,1,1416,30,1846544,-1
34203.258762,1,1417,300,1846506,1
34203.259209,1,1418,210,1847021,-1
34203.259300,1,1419,360,1846703,-1
34203.261657,3,1386,170,1846581,-1
34203.264804,1,1420,310,1846350,-1
34203.267149,1,1421,290,1846483,1
34203.269063,1,1422,350,1846446,1
34203.272904,3,998,125,1846635,1
34203.273921,1,1423,90,1846691,1
34203.276846,3,1332,148,1846545,-1
34203.279998,1,1424,390,1846439,1
34203.280693,1,1425,180,1846249,1
34203.284315,1,1426,90,1846710,1
34203.288298,1,1427,360,1846342,1
34203.289798,1,1428,390,1846463,1
34203.290180,1,1429,20,1846693,1
34203.291728,1,1430,120,1846360,1
34203.292858,1,1431,110,1846774,-1
34203.295531,1,1432,80,1846562,1
34203.297099,1,1433,250,1846378,1
34203.299583,1,1434,240,1846483,1
34203.300667,1,1435,380,1846020,1
34203.302592,1,1436,270,1845856,1
34203.305697,1,1437,160,1846576,-1
34203.308571,1,1438,210,1845811,1
34203.308613,1,1439,130,1846240,1
34203.311207,1,1440,70,1845820,1
34203.314817,1,1441,70,1845785,1
34203.317353,1,1442,340,1846102,1
34203.320229,1,1443,290,1846114,1
34203.323587,1,1444,330,1846035,1
34203.326711,1,1445,110,1846034,1
34203.330199,1,1446,260,1846088,1
34203.332470,1,1447,340,1846417,1
34203.334580,1,1448,30,1846226,1
34203.336760,3,1382,106,1846299,-1
34203.340670,1,1449,110,1846597,-1
34203.344333,3,1352,20,1846387,1
34203.347721,3,1314,141,1846424,1
34203.351553,1,1450,150,1846468,1
34203.353857,1,1451,200,1846215,-1
34203.355418,1,1452,300,1846035,1
34203.355632,1,1453,280,1846108,1
34203.355872,1,1454,250,1846345,1
34203.358296,1,1455,90,1846504,-1
34203.361664,1,1456,60,1846140,-1
34203.362631,3,1444,85,1846338,-1
34203.364822,1,1457,360,1846420,-1
34203.365420,1,1458,330,1846065,1
34203.368680,1,1459,280,1846081,-1
34203.372093,1,1460,30,1846570,-1
34203.373119,1,1461,50,1846069,-1
34203.376708,1,1462,300,1845841,1
34203.380197,1,1463,150,1846355,1
34203.383796,1,1464,290,1846669,-1
34203.386535,1,1465,70,1846429,-1
34203.390137,1,1466,250,1846163,-1
34203.390699,1,1467,300,1846076,1
34203.393497,1,1468,360,1846145,1
34203.394742,1,1469,160,1846392,1
34203.397996,1,1470,190,1846165,-1
34203.401605,1,1471,200,1846146,1
34203.404759,1,1472,30,1846413,1
34203.406970,1,1473,220,1846097,1
34203.409983,1,1474,160,1846118,1
34203.410627,1,1475,290,1846139,-1
34203.413559,1,1476,20,1846604,-1
34203.415418,3,1064,136,1846202,1
34203.415611,1,1477,20,1846109,-1
34203.416084,1,1478,10,1846252,-1
34203.417691,1,1479,290,1845944,1
34203.420220,1,1480,390,1846631,-1
34203.423300,1,1481,120,1846596,-1
34203.423939,1,1482,60,1846157,-1
34203.425122,1,1483,330,1845958,1
34203.428316,1,1484,340,1846375,-1
34203.429214,1,1485,140,1846613,-1
34203.433182,1,1486,330,1846633,-1
34203.434388,1,1487,60,1846446,-1
34203.436128,1,1488,230,1845708,1
34203.438389,1,1489,20,1846570,-1
34203.442302,1,1490,80,1846074,1
34203.442732,1,1491,390,1845937,1
34203.443470,1,1492,200,1845853,1
34203.446011,1,1493,220,1845610,1
34203.447526,1,1494,130,1845855,1
34203.450584,1,1495,350,1846266,-1
34203.451941,1,1496,380,1846475,-1
34203.454862,3,1124,76,1845988,1
34203.455335,1,1497,200,1845714,1
34203.458718,1,1498,210,1846402,-1
34203.461013,1,1499,360,1846331,1
34203.461599,1,1500,220,1846097,1
34203.462442,1,1501,130,1846357,1
34203.464126,1,1502,90,1845913,1
34203.466167,1,1503,60,1846091,1
34203.466177,1,1504,110,1846437,-1
34203.467663,1,1505,110,1846629,-1
34203.467936,1,1506,220,1846161,-1
34203.470336,1,1507,100,1845992,-1
34203.471010,1,1508,200,1846329,-1
34203.473987,3,1186,108,1846069,-1
34203.477148,1,1509,250,1846108,-1
34203.479603,1,1510,180,1846029,-1
34203.481006,1,1511,290,1845613,1
34203.482064,3,1089,174,1845939,1
34203.483235,1,1512,200,1845666,-1
34203.484402,1,1513,400,1845948,1
34203.485148,1,1514,180,1845773,-1
34203.487401,3,1363,178,1845962,-1
34203.489976,1,1515,280,1845821,-1
34203.491098,1,1516,330,1845746,1
34203.494866,1,1517,110,1846134,-1
34203.497586,1,1518,250,1845582,1
34203.499295,1,1519,370,1846161,-1
34203.502329,1,1520,130,1846280,-1
34203.506125,1,1521,170,1845711,1
34203.507681,1,1522,220,1846419,-1
34203.508029,1,1523,200,1846111,1
34203.508623,1,1524,400,1845799,-1
34203.509409,1,1525,260,1845549,1
34203.510965,1,1526,20,1846282,-1
34203.513877,1,1527,260,1846033,1
34203.516046,1,1528,120,1845857,1
34203.519554,1,1529,50,1845498,1
34203.519879,1,1530,260,1846131,1
34203.523195,1,1531,50,1845814,1
34203.523967,3,1159,143,1845975,1
34203.525574,3,1495,45,1846025,-1
34203.526417,1,1532,140,1845614,1
34203.529923,3,1132,179,1846002,-1
34203.533098,1,1533,330,1846070,-1
34203.533258,1,1534,40,1845871,1
34203.533917,1,1535,60,1845819,-1
34203.536515,3,1327,153,1845960,1
34203.539344,1,1536,220,1845765,-1
34203.543292,1,1537,20,1845872,-1
34203.546007,3,1119,147,1845950,-1
34203.547002,3,1409,48,1845882,-1
34203.547827,1,1538,120,1846330,-1
34203.549573,1,1539,150,1846128,-1
34203.551683,1,1540,390,1845982,1
34203.552438,1,1541,140,1846067,-1
34203.552445,1,1542,70,1845680,1
34203.553937,1,1543,160,1845831,1
34203.556174,1,1544,280,1845699,1
34203.559342,1,1545,400,1846072,-1
34203.563088,3,1541,177,1846143,-1
34203.564514,3,1360,117,1846068,-1
34203.566012,1,1546,250,1845810,1
34203.569852,3,1158,23,1846178,1
34203.571561,1,1547,120,1846342,-1
34203.573204,1,1548,300,1845876,1
34203.573574,1,1549,400,1846518,-1
34203.575575,3,1247,99,1846218,1
34203.577923,1,1550,250,1846362,-1
34203.577928,1,1551,140,1846129,1
34203.579839,1,1552,180,1846724,-1
34203.583429,1,1553,70,1845947,1
34203.584340,1,1554,60,1846466,1
34203.584833,1,1555,210,1846600,-1
34203.587684,1,1556,250,1846531,-1
34203.588532,1,1557,50,1845915,1
34203.590111,1,1558,30,1846218,1
34203.590470,1,1559,390,1846844,-1
34203.590860,1,1560,210,1846438,1
34203.591271,1,1561,400,1846698,1
34203.593667,1,1562,270,1846878,-1
34203.595295,1,1563,330,1846232,1
34203.597681,1,1564,160,1846455,-1
34203.598121,1,1565,130,1846348,1
34203.601027,3,1473,131,1846465,-1
34203.601978,1,1566,70,1846355,1
34203.605554,1,1567,370,1846615,1
34203.608383,3,1564,175,1846454,-1
34203.612048,1,1568,320,1846717,-1
34203.613019,1,1569,70,1846658,-1
34203.615344,1,1570,370,1846726,-1
34203.616423,1,1571,100,1846429,-1
34203.617096,1,1572,280,1846073,1
34203.619826,1,1573,120,1846211,1
34203.620766,1,1574,360,1846391,1
34203.622328,1,1575,340,1846658,-1
34203.624589,1,1576,110,1846342,1
34203.625725,1,1577,280,1846421,1
34203.627086,1,1578,370,1846724,-1
34203.628104,3,1562,80,1846654,-1
34203.629824,1,1579,400,1846472,1
34203.633253,1,1580,170,1846891,1
34203.636170,1,1581,260,1846960,-1
34203.638095,1,1582,170,1846573,1
34203.639739,1,1583,280,1847030,-1
34203.641496,1,1584,400,1846671,-1
34203.645330,1,1585,390,1846164,1
34203.646895,1,1586,370,1846238,-1
34203.649415,3,1355,46,1846492,-1
34203.652285,1,1587,390,1846612,1
34203.652851,1,1588,370,1846805,-1
34203.656486,1,1589,140,1845967,1
34203.658757,1,1590,220,1846298,1
34203.661654,1,1591,180,1846369,1
34203.663356,1,1592,300,1846448,-1
34203.667207,1,1593,370,1846532,1
34203.667304,1,1594,160,1846729,-1
34203.667420,1,1595,340,1846061,1
34203.667663,1,1596,140,1846838,-1
34203.670469,3,1180,132,1846457,1
34203.673767,1,1597,140,1846508,1
34203.677343,1,1598,10,1846052,1
34203.680803,3,1539,63,1846386,-1
34203.684478,1,1599,350,1846135,1
34203.686816,1,1600,320,1846112,1
34203.688448,1,1601,350,1846324,-1
34203.689983,1,1602,180,1846494,1
34203.693147,1,1603,270,1846501,-1
34203.694337,1,1604,350,1846121,1
34203.696713,1,1605,390,1846097,1
34203.698605,1,1606,230,1846640,-1
34203.701026,1,1607,240,1845961,1
34203.701235,1,1608,70,1846096,1
34203.702846,1,1609,320,1846389,-1
34203.706318,1,1610,60,1845978,1
34203.707383,1,1611,180,1846577,-1
34203.711110,1,1612,70,1846288,-1
34203.713343,1,1613,140,1846637,-1
34203.716889,1,1614,270,1846569,-1
34203.719965,1,1615,100,1846468,1
34203.719995,1,1616,390,1846455,1
34203.722371,1,1617,230,1846785,-1
34203.725777,3,1405,20,1846422,-1
34203.729052,1,1618,40,1846110,1
34203.732602,1,1619,40,1846165,1
34203.732741,1,1620,90,1846023,1
34203.734748,1,1621,10,1846282,1
34203.738140,1,1622,90,1846567,1
34203.739974,3,1557,24,1846456,1
34203.740718,1,1623,350,1846893,-1
34203.742277,1,1624,70,1846847,-1
34203.744067,1,1625,40,1846293,-1
34203.744276,1,1626,330,1846255,1
34203.746070,1,1627,270,1846609,1
34203.746940,3,1540,76,1846532,1
34203.750601,1,1628,320,1846292,-1
34203.753470,1,1629,180,1846351,1
34203.756846,1,1630,220,1846818,-1
34203.756847,1,1631,340,1846913,-1
34203.758110,1,1632,100,1846729,-1
34203.759593,1,1633,100,1846284,1
34203.762271,1,1634,270,1846964,-1
34203.764323,1,1635,380,1846443,-1
34203.764381,1,1636,40,1846404,-1
34203.766514,1,1637,120,1846006,1
34203.767325,1,1638,160,1846364,-1
34203.767372,1,1639,20,1846612,1
34203.769800,1,1640,320,1846877,-1
34203.773273,1,1641,50,1846608,-1
34203.774388,1,1642,180,1846402,1
34203.777718,1,1643,390,1846866,-1
34203.781272,3,1391,187,1846580,1
34203.784187,1,1644,160,1846904,-1
34203.786043,1,1645,400,1846339,1
34203.786175,1,1646,90,1846654,1
34203.789715,1,1647,380,1846495,-1
34203.790367,1,1648,210,1846878,-1
34203.791057,1,1649,230,1846659,1
34203.791170,3,1456,50,1846680,-1
34203.793434,1,1650,40,1846582,-1
34203.793821,1,1651,90,1846369,1
34203.796207,1,1652,330,1846890,-1
34203.798933,1,1653,90,1846996,-1
34203.802794,3,1375,16,1846918,-1
34203.804670,1,1654,370,1846912,1
34203.805190,1,1655,340,1847283,-1
34203.809122,1,1656,110,1847087,1
34203.812606,1,1657,150,1846756,-1
34203.812620,1,1658,300,1847149,-1
34203.814070,1,1659,50,1846367,1
34203.817709,1,1660,240,1846586,1
34203.819142,1,1661,340,1846768,1
34203.819436,1,1662,130,1846897,-1
34203.823208,1,1663,160,1846492,1
34203.826101,1,1664,170,1847104,1
34203.826101,1,1665,320,1846671,-1
34203.827639,1,1666,180,1846822,-1
34203.831607,1,1667,390,1847115,-1
34203.832612,1,1668,160,1846935,-1
34203.835301,1,1669,390,1846798,1
34203.835496,3,1568,96,1846736,-1
34203.838361,1,1670,190,1847056,-1
34203.841628,1,1671,190,1846907,1
34203.844270,1,1672,180,1847075,-1
34203.845277,1,1673,180,1846847,1
34203.847447,1,1674,140,1846615,1
34203.849668,1,1675,150,1846331,1
34203.849804,1,1676,110,1846640,-1
34203.850629,3,1317,46,1846711,1
34203.851180,1,1677,250,1846879,1
34203.853826,1,1678,60,1846419,1
34203.856531,1,1679,250,1847197,-1
34203.860383,1,1680,230,1846521,-1
34203.863648,1,1681,100,1847064,-1
34203.865182,1,1682,400,1846774,1
34203.865860,1,1683,270,1846852,1
34203.867647,1,1684,50,1847105,-1
34203.870422,1,1685,310,1846588,1
34203.870519,1,1686,400,1846458,1
34203.871259,1,1687,380,1846668,-1
34203.871879,1,1688,260,1846171,1
34203.874889,1,1689,280,1847021,-1
34203.877835,1,1690,70,1846754,-1
34203.879565,1,1691,170,1846661,-1
34203.881451,1,1692,380,1846664,-1
34203.885197,3,1621,103,1846571,-1
34203.885686,1,1693,40,1846457,-1
34203.885774,3,1531,189,1846727,-1
34203.888310,1,1694,140,1846717,1
34203.889586,1,1695,310,1846418,1
34203.893055,1,1696,50,1846279,1
34203.895850,1,1697,370,1846509,1
34203.896693,3,1575,112,1846649,-1
34203.899936,1,1698,330,1847007,-1
34203.901816,1,1699,40,1846655,1
34203.902957,1,1700,230,1846846,-1
34203.904367,3,1378,85,1846716,1
34203.905194,1,1701,10,1846947,-1
34203.907869,1,1702,110,1846547,1
34203.909116,1,1703,260,1846810,1
34203.912091,3,1282,59,1846688,-1
34203.914462,1,1704,280,1846866,-1
34203.914966,3,1640,146,1846810,-1
34203.917086,1,1705,290,1846794,-1
34203.920258,1,1706,290,1846401,1
34203.922587,1,1707,40,1846948,1
34203.925429,1,1708,260,1846609,-1
34203.927531,1,1709,370,1846637,-1
34203.930969,1,1710,50,1846936,-1
34203.933109,1,1711,70,1846997,-1
34203.936674,1,1712,190,1846749,-1
34203.937649,3,1684,191,1846887,-1
34203.941440,1,1713,230,1847037,1
34203.941772,1,1714,350,1846405,1
34203.943246,1,1715,140,1846489,1
34203.944573,3,1602,197,1846796,1
34203.946603,1,1716,210,1846997,1
34203.947421,1,1717,90,1847117,1
34203.949193,1,1718,120,1847167,1
34203.950179,1,1719,50,1846697,1
34203.953098,1,1720,400,1846495,1
34203.953537,1,1721,360,1846674,-1
34203.956908,1,1722,110,1846675,1
34203.960789,3,1613,111,1846950,1
34203.963183,1,1723,230,1846822,1
34203.965910,1,1724,50,1846788,-1
34203.966646,3,1322,150,1846957,1
34203.970544,3,1714,99,1847037,1
34203.971789,1,1725,310,1847070,-1
34203.973303,1,1726,50,1847169,-1
34203.973405,1,1727,40,1846788,-1
34203.976892,1,1728,320,1846876,1
34203.977228,1,1729,120,1847342,-1
34203.979050,1,1730,150,1847146,-1
34203.982727,1,1731,180,1846937,-1
34203.985453,1,1732,380,1846962,-1
34203.989064,3,1470,100,1847113,1
34203.991590,3,1556,85,1847178,1
34203.994788,1,1733,230,1846939,1
34203.996677,1,1734,100,1847325,1
34203.997427,1,1735,50,1847365,1
34203.997592,1,1736,120,1847226,-1
34203.999472,1,1737,140,1847104,-1
34204.003084,1,1738,170,1847396,-1
34204.003568,1,1739,70,1847340,-1
34204.005094,1,1740,270,1847268,1
34204.007249,1,1741,30,1847216,-1
34204.008860,3,1707,19,1847247,-1
34204.009288,1,1742,180,1847119,1
34204.010888,3,1433,132,1847248,1
34204.011419,1,1743,150,1847057,1
34204.012536,1,1744,390,1846851,1
34204.014114,1,1745,300,1847469,1
34204.017304,1,1746,320,1847697,-1
34204.020544,1,1747,250,1847395,1
34204.023745,1,1748,20,1847434,-1
34204.025887,3,1668,199,1847187,-1
34204.029296,1,1749,140,1847338,1
34204.031248,1,1750,130,1846963,-1
34204.032242,1,1751,320,1846965,-1
34204.032807,1,1752,370,1846777,1
34204.036413,1,1753,40,1847287,-1
34204.036508,3,1647,140,1847052,-1
34204.039558,1,1754,360,1847122,1
34204.039824,1,1755,350,1847495,-1
34204.043796,1,1756,80,1846946,-1
34204.045172,1,1757,300,1846845,-1
34204.046526,3,1392,70,1846934,-1
34204.050387,1,1758,290,1847027,-1
34204.053814,1,1759,330,1846593,1
34204.057283,1,1760,400,1847429,-1
34204.058726,1,1761,140,1846916,1
34204.058935,1,1762,360,1847159,1
34204.062636,3,1630,98,1847088,-1
34204.063445,1,1763,400,1846830,1
34204.066085,1,1764,60,1846516,1
34204.069299,1,1765,330,1847202,-1
34204.072817,1,1766,290,1846896,-1
34204.075895,1,1767,10,1846906,1
34204.077727,1,1768,200,1846770,-1
34204.079392,1,1769,120,1847428,-1
34204.082719,1,1770,400,1847029,1
34204.084890,1,1771,290,1847086,-1
34204.088360,1,1772,120,1847472,-1
34204.088477,1,1773,210,1847261,1
34204.090800,1,1774,240,1847176,-1
34204.091654,1,1775,210,1847402,-1
34204.093398,1,1776,70,1847270,-1
34204.094051,1,1777,290,1847161,1
34204.095885,1,1778,360,1846852,-1
34204.098003,3,1713,48,1847085,-1
34204.100556,1,1779,60,1846964,1
34204.103013,1,1780,120,1847235,-1
34204.105709,3,1524,78,1847130,1
34204.108230,1,1781,300,1847260,1
34204.111564,3,1537,10,1847030,-1
34204.112373,1,1782,320,1846869,-1
34204.112676,1,1783,140,1847030,-1
34204.113289,1,1784,240,1846632,1
34204.116279,1,1785,110,1846842,1
34204.119624,1,1786,360,1847101,-1
34204.120911,1,1787,180,1846698,1
34204.122397,1,1788,200,1846864,1
34204.122485,1,1789,190,1846799,1
34204.123925,1,1790,390,1846873,1
34204.125039,3,1650,87,1847028,-1
34204.126264,1,1791,200,1846782,-1
34204.129939,1,1792,350,1846767,-1
34204.131727,1,1793,160,1847246,-1
34204.133539,1,1794,70,1846745,1
34204.134749,1,1795,350,1847091,-1
34204.135133,1,1796,90,1846865,1
34204.137422,1,1797,190,1847064,-1
34204.139957,1,1798,230,1847006,-1
34204.143878,1,1799,20,1847223,-1
34204.144584,1,1800,170,1846591,1
34204.144659,1,1801,30,1846966,1
34204.145469,1,1802,300,1847124,-1
34204.149412,1,1803,210,1846963,-1
34204.152912,1,1804,370,1846909,1
34204.155496,1,1805,120,1846846,1
34204.157887,3,1408,193,1846627,1
34204.158092,1,1806,250,1846582,1
34204.158909,3,1629,48,1846644,-1
34204.159297,1,1807,60,1846495,1
34204.159926,1,1808,400,1846591,1
34204.161330,3,1641,77,1846613,-1
34204.164039,3,1793,84,1846533,-1
34204.167504,1,1809,270,1846612,1
34204.169575,1,1810,230,1846685,-1
34204.172681,1,1811,320,1846663,1
34204.176601,1,1812,10,1846802,-1
34204.179881,1,1813,290,1846878,-1
34204.183479,1,1814,330,1846663,-1
34204.186680,1,1815,50,1846673,-1
34204.189705,1,1816,80,1847123,-1
34204.190758,1,1817,300,1847179,-1
34204.192553,3,1594,167,1846879,1
34204.196433,1,1818,60,1847129,1
34204.197459,1,1819,20,1846970,-1
34204.200364,1,1820,340,1846873,-1
34204.203372,1,1821,120,1846969,-1
34204.206094,1,1822,240,1846940,1
34204.208358,1,1823,270,1846794,-1
34204.208433,1,1824,180,1846989,1
34204.211454,1,1825,220,1847055,-1
34204.214034,1,1826,40,1846650,1
34204.216971,1,1827,90,1846832,1
34204.220340,1,1828,210,1846478,1
34204.220654,1,1829,180,1846858,-1
34204.224409,1,1830,340,1846712,1
34204.225198,1,1831,260,1846749,1
34204.225740,1,1832,260,1847053,-1
34204.226673,1,1833,370,1846740,1
34204.227265,1,1834,270,1847022,-1
34204.227757,1,1835,140,1847295,-1
34204.230200,1,1836,120,1846657,-1
34204.232074,1,1837,370,1846395,1
34204.234312,1,1838,280,1846631,-1
34204.236856,1,1839,330,1846783,-1
34204.240189,1,1840,100,1846244,1
34204.242943,3,1644,93,1846519,-1
34204.246245,1,1841,390,1846544,1
34204.248375,1,1842,340,1846732,-1
34204.250441,1,1843,150,1846050,1
34204.252313,1,1844,380,1846786,-1
34204.253804,1,1845,270,1845973,1
34204.256885,1,1846,200,1846236,-1
34204.259293,1,1847,50,1846719,-1
34204.262200,3,1843,161,1846287,1
34204.264957,1,1848,170,1846157,-1
34204.266823,1,1849,160,1845989,1
34204.269012,1,1850,90,1846137,1
34204.271659,1,1851,220,1846377,1
34204.271839,1,1852,30,1846360,1
34204.273218,1,1853,390,1846292,1
34204.274844,1,1854,240,1845822,1
34204.276287,3,1652,135,1846123,-1
34204.278402,1,1855,180,1846221,1
34204.278925,1,1856,200,1845818,1
34204.279612,1,1857,70,1846303,-1
34204.283403,1,1858,300,1846280,-1
34204.284873,1,1859,400,1846394,-1
34204.286968,3,1816,55,1845949,1
34204.288724,1,1860,90,1845864,1
34204.291989,1,1861,270,1845862,-1
34204.295072,1,1862,70,1846033,-1
34204.298340,1,1863,240,1845872,1
34204.300063,1,1864,100,1845736,1
34204.303382,3,1813,19,1846020,1
34204.305723,1,1865,350,1846369,-1
34204.308063,1,1866,380,1845831,1
34204.309708,1,1867,370,1846006,1
34204.312081,1,1868,270,1845943,1
34204.312855,1,1869,80,1846499,-1
34204.315364,1,1870,140,1846040,-1
34204.316901,1,1871,20,1846367,-1
34204.320799,1,1872,30,1846166,-1
34204.321305,1,1873,230,1845529,1
34204.325282,1,1874,290,1845764,-1
34204.325616,1,1875,20,1845706,1
34204.328391,1,1876,350,1845534,1
34204.328454,1,1877,150,1845539,1
34204.330244,1,1878,180,1845713,1
34204.331137,3,1682,111,1845801,-1
34204.332856,3,1505,159,1845732,1
34204.333050,1,1879,60,1845331,1
34204.334197,1,1880,170,1845420,1
34204.335342,1,1881,150,1845920,-1
34204.339168,1,1882,220,1846139,-1
34204.342144,1,1883,130,1846018,-1
34204.345422,3,1591,73,1845864,-1
34204.346961,1,1884,240,1845501,1
34204.348515,3,1608,21,1845954,1
34204.350350,1,1885,270,1846365,-1
34204.352874,1,1886,270,1846105,-1
34204.356772,1,1887,280,1845985,-1
34204.358767,1,1888,360,1845995,1
34204.361999,1,1889,390,1845675,1
34204.363957,1,1890,180,1845707,1
34204.365523,1,1891,230,1846267,-1
34204.366242,3,1694,86,1845845,-1
34204.366711,1,1892,240,1846040,1
34204.368335,1,1893,70,1845956,1
34204.372285,1,1894,140,1845761,-1
34204.375657,1,1895,220,1846188,1
34204.375806,1,1896,160,1845775,1
34204.379589,1,1897,290,1845837,1
34204.381252,1,1898,400,1845645,1
34204.381277,1,1899,330,1845691,1
34204.384986,1,1900,320,1846095,-1
34204.385884,1,1901,280,1845975,1
34204.386131,1,1902,370,1846124,-1
34204.389865,3,1494,19,1846098,-1
34204.392355,1,1903,220,1846222,-1
34204.394315,1,1904,330,1845635,1
34204.398174,1,1905,290,1845684,1
34204.400293,1,1906,260,1846089,1
34204.403087,1,1907,220,1845817,1
34204.403593,1,1908,120,1846193,-1
34204.404222,1,1909,120,1845936,1
34204.406968,1,1910,10,1845799,-1
34204.408578,1,1911,160,1845878,1
34204.409937,1,1912,10,1846255,-1
34204.410797,1,1913,180,1846096,-1
34204.413534,1,1914,270,1845672,1
34204.417448,1,1915,210,1845697,1
34204.417603,1,1916,250,1846260,-1
34204.418356,1,1917,60,1845982,-1
34204.422192,1,1918,60,1845849,-1
34204.424225,1,1919,190,1845791,-1
34204.425059,1,1920,380,1845740,1
34204.427915,1,1921,310,1846144,-1
34204.431140,1,1922,150,1846143,-1
34204.434707,1,1923,240,1845822,-1
34204.437419,1,1924,360,1845872,1
34204.437503,3,1674,80,1846002,-1
34204.439498,1,1925,60,1846187,-1
34204.441593,1,1926,100,1845726,1
34204.444508,1,1927,240,1846277,-1
34204.444574,1,1928,50,1846198,-1
34204.445482,1,1929,70,1846067,-1
34204.448886,3,1605,95,1845775,-1
34204.449635,1,1930,90,1846057,-1
34204.451058,1,1931,260,1846181,-1
34204.454686,1,1932,280,1846055,-1
34204.455723,1,1933,60,1846000,-1
34204.456456,1,1934,190,1845309,1
34204.457167,1,1935,280,1845844,1
34204.461165,1,1936,220,1845925,-1
34204.465014,1,1937,240,1845625,1
34204.465176,1,1938,160,1846110,-1
34204.465855,1,1939,390,1845723,-1
34204.467184,1,1940,370,1845606,1
34204.467841,1,1941,60,1845423,1
34204.468766,1,1942,30,1846168,-1
34204.469637,1,1943,50,1845618,1
34204.471763,1,1944,110,1845736,-1
34204.472836,1,1945,360,1845651,-1
34204.475248,1,1946,150,1845790,1
34204.476045,1,1947,200,1845810,-1
34204.478609,1,1948,240,1846050,-1
34204.482482,1,1949,360,1845829,1
34204.484013,1,1950,400,1845233,1
34204.484507,1,1951,10,1845360,1
34204.485713,1,1952,370,1845469,1
34204.487328,1,1953,360,1846113,-1
34204.489558,1,1954,60,1845558,1
34204.489780,1,1955,60,1845702,1
34204.491891,1,1956,80,1845980,1
34204.493911,1,1957,150,1846186,-1
34204.494508,1,1958,50,1845595,1
34204.498019,1,1959,350,1845849,1
34204.498553,1,1960,170,1846147,-1
34204.501623,1,1961,270,1846032,-1
34204.503297,1,1962,130,1845652,1
34204.504597,1,1963,230,1846120,1
34204.507484,1,1964,180,1845790,1
34204.510911,1,1965,10,1845763,1
34204.510970,1,1966,180,1845543,1
34204.513344,3,1840,189,1845795,-1
34204.515441,1,1967,200,1846190,-1
34204.518742,1,1968,20,1845594,1
34204.522057,1,1969,260,1845491,1
34204.525888,1,1970,230,1845917,1
34204.526405,1,1971,350,1845828,1
34204.529184,1,1972,330,1846127,-1
34204.533182,1,1973,300,1845678,1
34204.537065,3,1762,35,1845770,-1
34204.538930,1,1974,320,1846118,-1
34204.540862,1,1975,170,1846198,-1
34204.541422,1,1976,400,1845553,1
34204.543542,1,1977,360,1846005,-1
34204.545184,1,1978,200,1845516,1
34204.546439,1,1979,230,1845535,1
34204.547389,1,1980,390,1845701,1
34204.550864,1,1981,90,1845794,1
34204.551087,1,1982,160,1845488,-1
34204.554483,1,1983,360,1845436,1
34204.555239,1,1984,50,1845549,1
34204.556420,1,1985,60,1845674,-1
34204.559998,3,1583,75,1845288,1
34204.561550,1,1986,140,1845613,-1
34204.565503,1,1987,180,1845428,1
34204.566312,1,1988,400,1845606,1
34204.567219,1,1989,170,1845037,1
34204.569551,1,1990,170,1845026,1
34204.573273,3,1631,31,1845358,-1
34204.576859,1,1991,300,1845866,-1
34204.577484,1,1992,290,1845310,1
34204.578548,1,1993,280,1845318,1
34204.580708,1,1994,30,1845543,-1
34204.583251,1,1995,160,1845493,-1
34204.585398,1,1996,80,1845236,1
34204.589332,1,1997,170,1845466,1
34204.590280,1,1998,120,1845444,-1
34204.590355,1,1999,150,1845647,-1
34204.593872,1,2000,260,1845054,1
34204.595002,1,2001,80,1845302,1
34204.597645,1,2002,90,1845116,1
34204.601255,1,2003,270,1845425,-1
34204.603439,1,2004,120,1845264,-1
34204.606280,1,2005,90,1844869,1
34204.606671,1,2006,370,1844952,-1
34204.607684,3,1849,129,1845125,-1
34204.609490,1,2007,60,1844808,1
34204.610184,3,1753,134,1845090,1
34204.610716,1,2008,100,1844839,1
34204.612411,1,2009,40,1845418,-1
34204.616024,1,2010,120,1844819,1
34204.618646,1,2011,140,1845556,-1
34204.621980,1,2012,260,1845225,1
34204.622180,1,2013,120,1845132,-1
34204.624408,1,2014,400,1845047,1
34204.626036,1,2015,370,1844796,-1
34204.629552,1,2016,120,1844525,1
34204.630079,1,2017,240,1845072,-1
34204.630527,3,1664,193,1845008,1
34204.633617,1,2018,240,1844969,1
34204.635126,1,2019,350,1844984,-1
34204.637074,3,1991,10,1845082,1
34204.639673,3,1842,79,1845034,-1
34204.640065,1,2020,360,1845128,1
34204.640227,1,2021,210,1844687,1
34204.642982,3,1736,139,1844997,-1
34204.646527,3,2009,32,1845038,-1
34204.646872,1,2022,220,1845284,-1
34204.647935,1,2023,130,1845060,1
34204.649654,1,2024,60,1844886,1
34204.653647,1,2025,50,1845311,-1
34204.655466,1,2026,80,1844909,-1
34204.658506,1,2027,240,1844576,1
34204.658785,1,2028,50,1844637,1
34204.659615,1,2029,80,1844950,-1
34204.662964,1,2030,70,1844699,1
34204.664754,1,2031,90,1845515,-1
34204.664875,1,2032,10,1845406,-1
34204.666287,3,1603,50,1845060,1
34204.668053,1,2033,110,1845131,1
34204.669705,1,2034,70,1845189,1
34204.671283,1,2035,140,1844722,1
34204.673943,1,2036,340,1844707,1
34204.676129,1,2037,390,1844784,1
34204.679037,1,2038,50,1844444,1
34204.679681,1,2039,210,1845097,1
34204.680033,1,2040,160,1845125,-1
34204.682248,1,2041,130,1844713,1
34204.685163,1,2042,380,1844822,1
34204.685622,1,2043,10,1844866,-1
34204.686297,1,2044,110,1845222,-1
34204.687062,1,2045,40,1844678,1
34204.687393,1,2046,140,1844581,1
34204.689244,1,2047,100,1844734,1
34204.692653,1,2048,320,1844715,1
34204.692908,1,2049,70,1845102,-1
34204.694846,1,2050,180,1845154,-1
34204.697016,1,2051,300,1844544,1
34204.700204,3,1862,13,1844909,1
34204.703358,1,2052,240,1845101,-1
34204.705791,3,1827,155,1844842,1
34204.707840,1,2053,160,1845107,1
34204.711090,1,2054,90,1844857,-1
34204.713258,1,2055,370,1845052,-1
34204.715146,3,1982,143,1844948,1
34204.717674,1,2056,70,1845166,-1
34204.720311,1,2057,90,1845115,1
34204.722809,3,1681,41,1844995,-1
34204.726252,1,2058,260,1845449,-1
34204.726436,1,2059,380,1844839,-1
34204.729131,1,2060,60,1844521,1
34204.731434,1,2061,10,1845111,-1
34204.731720,1,2062,280,1844915,1
34204.732814,1,2063,370,1844534,-1
34204.735753,1,2064,280,1844767,-1
34204.738405,1,2065,360,1844764,1
34204.741554,3,1986,119,1844580,1
34204.743349,1,2066,40,1844281,1
34204.745992,1,2067,270,1844805,-1
34204.748680,1,2068,270,1844845,-1
34204.749266,1,2069,140,1844077,1
34204.752995,1,2070,130,1844383,-1
34204.754064,1,2071,320,1844819,-1
34204.754430,1,2072,290,1844025,1
34204.758350,3,1750,84,1844387,-1
34204.758635,1,2073,200,1844174,1
34204.761809,1,2074,290,1844102,-1
34204.763542,1,2075,40,1844164,1
34204.766099,1,2076,360,1843964,1
34204.767619,1,2077,380,1844605,1
34204.768704,1,2078,370,1844387,-1
34204.771998,3,2057,18,1844417,1
34204.774471,1,2079,240,1844454,-1
34204.775378,3,1758,33,1844425,1
34204.779128,1,2080,380,1844405,-1
34204.779567,1,2081,30,1844797,-1
34204.780586,1,2082,180,1844149,1
34204.781106,1,2083,340,1844321,1
34204.781941,1,2084,100,1844239,-1
34204.781975,1,2085,70,1844734,-1
34204.782934,1,2086,320,1844536,-1
34204.786784,1,2087,390,1844298,-1
34204.788271,1,2088,70,1844534,-1
34204.789647,1,2089,350,1844138,1
34204.791271,1,2090,220,1844122,-1
34204.792960,1,2091,250,1843851,1
34204.793538,1,2092,20,1844391,-1
34204.795923,3,1670,153,1844213,-1
34204.796420,1,2093,280,1844206,-1
34204.800149,1,2094,210,1843950,1
34204.802810,1,2095,100,1843924,1
34204.804947,1,2096,270,1843685,1
34204.808718,1,2097,10,1843973,-1
34204.811130,1,2098,60,1843558,1
34204.811848,1,2099,140,1843924,1
34204.814519,1,2100,180,1843848,-1
34204.816834,1,2101,60,1844000,-1
34204.818151,1,2102,390,1843736,1
34204.821586,3,2065,175,1844063,-1
34204.823175,1,2103,350,1844185,-1
34204.825063,1,2104,280,1844324,-1
34204.828188,1,2105,330,1843683,1
34204.828775,1,2106,30,1844096,-1
34204.831647,1,2107,240,1843926,1
34204.835524,1,2108,120,1844124,-1
34204.837152,1,2109,150,1844281,-1
34204.837808,1,2110,260,1843522,1
34204.840170,1,2111,150,1844170,-1
34204.843892,1,2112,210,1843777,-1
34204.845845,1,2113,20,1844163,-1
34204.847023,1,2114,400,1843647,1
34204.847870,1,2115,300,1843536,1
34204.848797,1,2116,10,1843335,1
34204.852744,1,2117,70,1843385,1
34204.853985,1,2118,60,1843810,1
34204.857131,1,2119,210,1843430,1
34204.860496,1,2120,60,1843567,-1
34204.861491,1,2121,120,1843788,1
34204.861836,1,2122,100,1843451,1
34204.865101,1,2123,230,1843623,1
34204.867400,1,2124,40,1843323,1
34204.868452,1,2125,200,1843666,-1
34204.871592,3,1789,130,1843534,-1
34204.873456,1,2126,210,1843655,-1
34204.877018,1,2127,330,1843857,-1
34204.878733,1,2128,380,1843671,1
34204.879850,1,2129,400,1843869,-1
34204.880029,1,2130,360,1843396,1
34204.883181,1,2131,290,1843622,1
34204.886202,1,2132,330,1843606,-1
34204.887219,1,2133,90,1843632,1
34204.890533,3,1751,163,1843449,1
34204.893986,1,2134,270,1843915,-1
34204.896041,1,2135,160,1843802,-1
34204.898963,1,2136,220,1843276,1
34204.901194,1,2137,360,1843981,-1
34204.902807,1,2138,90,1843114,1
34204.905914,1,2139,50,1843326,-1
34204.906857,1,2140,330,1843316,-1
34204.909491,1,2141,300,1843372,1
34204.912831,1,2142,310,1843776,1
34204.913309,1,2143,30,1844053,-1
34204.913998,1,2144,160,1844095,-1
34204.914520,3,1772,57,1843789,1
34204.915164,3,1912,116,1843807,-1
34204.916584,1,2145,300,1843972,1
34204.919969,1,2146,310,1843715,1
34204.921965,1,2147,400,1843881,-1
34204.924149,1,2148,40,1843897,-1
34204.925420,1,2149,30,1843919,-1
34204.926672,1,2150,90,1843607,-1
34204.927713,1,2151,60,1843439,1
34204.929508,1,2152,340,1843267,1
34204.930961,1,2153,150,1843488,-1
34204.932764,1,2154,200,1843606,1
34204.934028,1,2155,260,1843676,-1
34204.936432,1,2156,380,1843397,1
34204.938885,3,1778,19,1843454,1
34204.939253,1,2157,150,1843337,1
34204.940265,3,1790,37,1843410,1
34204.943877,1,2158,60,1843291,1
34204.946405,1,2159,250,1843590,1
34204.947343,1,2160,310,1843484,1
34204.948215,3,2052,70,1843527,1
34204.949437,1,2161,90,1843108,1
34204.952070,1,2162,310,1843384,-1
34204.953934,1,2163,260,1843604,1
34204.956122,1,2164,120,1843512,1
34204.958122,1,2165,350,1842955,1
34204.960744,1,2166,340,1843346,1
34204.964257,1,2167,280,1843556,-1
34204.964956,1,2168,90,1842958,1
34204.967874,1,2169,210,1843372,1
34204.969561,1,2170,60,1843230,1
34204.973153,1,2171,170,1842960,1
34204.975051,1,2172,240,1843333,-1
34204.978761,1,2173,260,1843314,1
34204.980533,1,2174,80,1843638,1
34204.984359,1,2175,340,1843609,1
34204.985533,1,2176,290,1843171,1
34204.988752,1,2177,340,1843976,-1
34204.989480,1,2178,280,1843494,1
34204.991419,1,2179,370,1843464,-1
34204.993448,1,2180,90,1843144,1
34204.996194,1,2181,320,1843459,1
34204.997507,1,2182,200,1843563,1
34204.998605,3,1984,50,1843603,-1
34204.999657,3,1928,140,1843541,-1
34205.000282,1,2183,100,1843076,1
34205.001858,1,2184,370,1843755,-1
34205.005656,1,2185,350,1843545,1
34205.007148,1,2186,190,1843249,-1
34205.007961,1,2187,60,1843132,-1
34205.009918,1,2188,100,1842782,1
34205.010106,3,1904,77,1843260,1
34205.012466,1,2189,240,1843515,-1
34205.013272,1,2190,340,1843482,-1
34205.014595,3,1855,112,1843046,1
34205.017766,1,2191,350,1843025,1
34205.020948,1,2192,220,1842922,-1
34205.024931,1,2193,60,1842855,-1
34205.028396,1,2194,390,1843177,-1
34205.030487,3,1947,101,1842928,1
34205.032216,1,2195,280,1842826,-1
34205.034964,1,2196,110,1842690,-1
34205.038336,1,2197,230,1842914,-1
34205.038931,1,2198,90,1842447,1
34205.042080,1,2199,20,1842617,1
34205.043294,1,2200,110,1842566,1
34205.046910,1,2201,170,1842536,1
34205.048862,1,2202,130,1842225,1
34205.050530,1,2203,290,1843067,-1
34205.052846,1,2204,300,1842814,-1
34205.055006,1,2205,320,1842941,1
34205.058879,1,2206,320,1842972,-1
34205.060989,1,2207,200,1842774,1
34205.064599,1,2208,20,1843254,-1
34205.065074,1,2209,350,1842803,1
34205.068880,1,2210,350,1843370,-1
34205.071552,1,2211,110,1842793,1
34205.072479,1,2212,250,1843146,1
34205.074168,1,2213,50,1843027,-1
34205.074987,1,2214,330,1842781,1
34205.078633,1,2215,250,1842977,1
34205.081681,3,1997,92,1843133,-1
34205.084373,3,1998,111,1843132,-1
34205.087648,1,2216,180,1843198,-1
34205.090386,1,2217,90,1843089,-1
34205.092217,1,2218,290,1842889,-1
34205.092743,1,2219,330,1843110,-1
34205.096602,3,2208,98,1843020,1
34205.097112,1,2220,40,1842659,1
34205.100240,1,2221,350,1842897,-1
34205.101886,3,2213,93,1843040,-1
34205.105736,1,2222,130,1842960,1
34205.109149,1,2223,350,1842982,-1
34205.109244,1,2224,320,1843440,-1
34205.110644,1,2225,50,1843162,1
34205.111539,1,2226,180,1843197,1
34205.115297,1,2227,340,1843399,-1
34205.117445,1,2228,130,1843174,-1
34205.119087,1,2229,210,1842770,-1
34205.119958,1,2230,130,1842790,-1
34205.120068,3,1812,27,1842911,1
34205.124022,1,2231,360,1842693,1
34205.124740,1,2232,180,1842788,-1
34205.126829,1,2233,80,1842743,1
34205.129168,1,2234,40,1842918,-1
34205.130623,1,2235,60,1842455,1
34205.134424,1,2236,70,1842706,-1
34205.135253,1,2237,230,1842664,1
34205.137000,3,1874,24,1842780,1
34205.138192,1,2238,230,1843014,-1
34205.140962,1,2239,270,1842860,-1
34205.142958,1,2240,360,1843064,-1
34205.143761,1,2241,130,1842972,-1
34205.145495,1,2242,170,1842686,1
34205.147607,1,2243,160,1842976,1
34205.147862,1,2244,310,1842583,1
34205.149054,1,2245,220,1843101,-1
34205.150787,3,1977,154,1842985,-1
34205.151951,1,2246,230,1843327,-1
34205.155861,1,2247,270,1842972,-1
34205.159430,1,2248,170,1843016,1
34205.160261,1,2249,90,1842812,-1
34205.163549,1,2250,170,1843121,-1
34205.165264,1,2251,370,1842778,-1
34205.165730,1,2252,320,1842802,1
34205.167406,1,2253,320,1842888,1
34205.167480,1,2254,260,1843013,-1
34205.167978,1,2255,190,1842988,-1
34205.168228,1,2256,300,1842827,1
34205.168464,1,2257,270,1842817,1
34205.169928,1,2258,20,1842814,1
34205.171980,1,2259,160,1843382,-1
34205.172523,1,2260,160,1843101,-1
34205.174572,1,2261,290,1843513,-1
34205.176393,1,2262,170,1843157,-1
34205.178066,1,2263,220,1843253,-1
34205.180011,1,2264,300,1843135,1
34205.180944,1,2265,220,1843571,1
34205.182505,1,2266,20,1843342,-1
34205.185259,1,2267,100,1843816,-1
34205.186057,1,2268,210,1843596,-1
34205.188701,1,2269,190,1843663,-1
34205.190516,1,2270,400,1843713,-1
34205.192104,1,2271,30,1843817,-1
34205.192371,1,2272,300,1843690,1
34205.194845,1,2273,390,1843760,-1
34205.196576,1,2274,250,1843850,-1
34205.200556,1,2275,290,1843141,1
34205.201141,1,2276,50,1843226,1
34205.205064,3,2237,189,1843615,-1
34205.207931,3,1870,19,1843586,-1
34205.208584,1,2277,390,1843473,-1
34205.209873,1,2278,60,1843317,1
34205.213672,1,2279,170,1843408,1
34205.216392,1,2280,80,1843758,-1
34205.217497,1,2281,90,1844051,-1
34205.219846,3,2151,140,1843583,1
34205.220861,1,2282,190,1843175,1
34205.221764,1,2283,120,1843196,1
34205.223724,1,2284,400,1843461,-1
34205.226679,3,2034,20,1843640,-1
34205.229793,3,2179,85,1843604,-1
34205.232947,1,2285,170,1843501,-1
34205.233370,1,2286,320,1843355,1
34205.234058,1,2287,140,1843934,-1
34205.235847,1,2288,170,1844063,-1
34205.236831,1,2289,290,1843944,-1
34205.238062,1,2290,260,1843780,-1
34205.241091,1,2291,110,1843773,-1
34205.244098,1,2292,330,1843368,1
34205.244769,1,2293,320,1843383,-1
34205.245031,1,2294,30,1843208,1
34205.248812,1,2295,10,1843351,-1
34205.252752,1,2296,140,1843107,1
34205.254130,1,2297,140,1843907,-1
34205.257489,1,2298,290,1843170,1
34205.258676,1,2299,270,1843275,1
34205.261953,1,2300,50,1843334,1
34205.262838,1,2301,220,1843917,-1
34205.263939,1,2302,30,1843704,-1
34205.265775,1,2303,310,1843113,1
34205.269592,3,2249,198,1843448,-1
34205.272747,1,2304,230,1843184,1
34205.276452,1,2305,240,1843518,-1
34205.277228,1,2306,150,1843783,-1
34205.278828,1,2307,230,1843260,1
34205.281544,1,2308,300,1843812,-1
34205.285229,1,2309,230,1843511,1
34205.286481,1,2310,290,1843204,-1
34205.287470,1,2311,370,1843502,-1
34205.289321,1,2312,110,1843384,1
34205.293318,1,2313,140,1843080,1
34205.294966,1,2314,190,1843506,1
34205.298442,1,2315,280,1843730,-1
34205.298658,1,2316,370,1843324,-1
34205.300222,1,2317,30,1843408,1
34205.300357,1,2318,190,1843217,-1
34205.303299,1,2319,80,1843419,-1
34205.305361,1,2320,140,1843479,1
34205.309276,3,1903,197,1843398,-1
34205.311664,1,2321,200,1843304,1
34205.314708,1,2322,70,1843347,1
34205.317742,1,2323,230,1843280,-1
34205.321442,1,2324,110,1842870,1
34205.322553,1,2325,340,1843203,1
34205.325564,1,2326,190,1843261,-1
34205.327065,1,2327,150,1843045,1
34205.327656,1,2328,110,1842992,1
34205.329913,1,2329,10,1843431,-1
34205.331906,1,2330,360,1843587,-1
34205.332318,1,2331,80,1843329,-1
34205.333103,1,2332,360,1842858,1
34205.333586,3,2095,131,1843174,1
34205.335627,1,2333,260,1843500,-1
34205.338873,1,2334,330,1843544,-1
34205.340428,1,2335,170,1843143,-1
34205.342123,1,2336,400,1843262,1
34205.344132,1,2337,70,1843148,1
34205.346044,1,2338,280,1842740,1
34205.347751,1,2339,100,1842660,1
34205.349143,1,2340,330,1843321,-1
34205.349313,1,2341,40,1842813,1
34205.352072,1,2342,360,1842866,1
34205.355123,1,2343,300,1843280,-1
34205.357845,1,2344,280,1843438,-1
34205.360463,1,2345,340,1842948,1
34205.362970,1,2346,200,1843626,-1
34205.363509,3,2284,75,1843202,1
34205.366556,3,2079,96,1843202,-1
34205.367314,1,2347,250,1843471,-1
34205.368021,1,2348,160,1843414,-1
34205.370287,1,2349,130,1843487,-1
34205.371783,1,2350,400,1843381,1
34205.372879,1,2351,200,1842969,1
34205.376614,1,2352,380,1842882,1
34205.377698,3,2243,99,1843317,1
34205.378912,1,2353,240,1842959,1
34205.379867,1,2354,90,1843604,-1
34205.382768,3,2175,35,1843367,-1
34205.383446,1,2355,240,1843449,-1
34205.385909,1,2356,210,1843166,1
34205.387370,1,2357,100,1843179,1
34205.387935,1,2358,400,1843457,1
34205.389428,1,2359,270,1842979,1
34205.390160,1,2360,280,1843043,1
34205.392710,1,2361,260,1843621,-1
34205.395749,1,2362,330,1843115,-1
34205.397586,1,2363,30,1842722,1
34205.399747,1,2364,370,1842766,1
34205.401382,3,2122,52,1843130,1
34205.405341,3,2022,130,1843139,-1
34205.408061,1,2365,270,1843072,-1
34205.410786,1,2366,60,1842880,1
34205.410911,1,2367,10,1843531,-1
34205.412498,1,2368,100,1843333,-1
34205.412593,1,2369,50,1843133,-1
34205.416089,1,2370,330,1843384,-1
34205.418316,3,2303,60,1843352,-1
34205.421560,1,2371,70,1842909,1
34205.424453,1,2372,290,1843366,-1
34205.426371,1,2373,400,1843632,-1
34205.428789,1,2374,290,1843494,1
34205.432732,1,2375,200,1843662,-1
34205.433775,1,2376,10,1843158,-1
34205.436663,1,2377,280,1843171,-1
34205.437532,1,2378,10,1843706,-1
34205.439176,1,2379,10,1843358,1
34205.440214,3,1987,146,1843267,-1
34205.440801,1,2380,300,1843033,-1
34205.441803,1,2381,340,1843361,1
34205.443765,3,2262,142,1843149,1
34205.445300,1,2382,60,1843269,1
34205.448402,3,2323,33,1843020,1
34205.450368,1,2383,180,1842744,1
34205.452343,1,2384,340,1842722,1
34205.453284,1,2385,110,1843219,-1
34205.454914,3,2020,186,1842806,-1
34205.457170,1,2386,190,1843025,-1
34205.459887,1,2387,250,1843077,-1
34205.462444,1,2388,30,1842986,-1
34205.463399,1,2389,50,1842408,1
34205.466090,1,2390,210,1842930,1
34205.469521,3,1966,195,1842820,1
34205.471033,1,2391,130,1843090,-1
34205.471783,3,2205,18,1842783,1
34205.475320,1,2392,320,1843085,-1
34205.475755,3,2269,76,1842746,1
34205.476568,1,2393,180,1842861,1
34205.478542,1,2394,380,1842366,1
34205.481055,3,2146,21,1842579,-1
34205.481061,1,2395,300,1842308,1
34205.484134,1,2396,360,1842766,1
34205.484843,1,2397,110,1842377,-1
34205.488002,3,2025,62,1842548,-1
34205.490866,1,2398,340,1842317,1
34205.494434,1,2399,130,1842225,1
34205.496885,1,2400,90,1842393,-1
34205.497101,3,2304,14,1842583,1
34205.500340,1,2401,110,1842427,1
34205.503327,1,2402,20,1842245,1
34205.503805,3,2239,197,1842615,1
34205.507774,1,2403,170,1842986,-1
34205.510950,1,2404,120,1842429,1
34205.511438,3,2291,85,1842611,-1
34205.513760,1,2405,110,1842268,1
34205.513951,1,2406,20,1842180,1
34205.517736,1,2407,280,1842786,-1
34205.520401,1,2408,60,1842279,-1
34205.524311,1,2409,90,1842221,1
34205.526348,1,2410,310,1842538,-1
34205.528154,1,2411,380,1842252,1
34205.528609,1,2412,390,1842585,-1
34205.531105,1,2413,110,1841909,1
34205.533457,1,2414,120,1842880,-1
34205.535483,1,2415,60,1842625,1
34205.538516,1,2416,90,1842664,-1
34205.539397,1,2417,360,1842620,1
34205.542304,1,2418,80,1842683,1
34205.543972,1,2419,180,1842593,-1
34205.544663,1,2420,350,1842520,1
34205.545845,1,2421,260,1842563,1
34205.548401,1,2422,380,1842698,-1
34205.551432,1,2423,70,1843067,-1
34205.552342,1,2424,270,1843201,-1
34205.553182,1,2425,50,1842601,-1
34205.556168,1,2426,150,1842657,1
34205.557918,1,2427,190,1842855,1
34205.557983,1,2428,200,1842542,1
34205.558698,1,2429,190,1843003,-1
34205.559833,1,2430,320,1842891,-1
34205.562616,1,2431,380,1842936,1
34205.566330,1,2432,330,1842988,-1
34205.567327,1,2433,160,1842916,-1
34205.569335,1,2434,320,1842846,1
34205.571565,1,2435,220,1843173,-1
34205.571654,1,2436,130,1843357,-1
34205.575245,1,2437,390,1842996,1
34205.579209,1,2438,400,1842536,-1
34205.580150,1,2439,20,1842823,-1
34205.583849,1,2440,190,1842583,-1
34205.583866,1,2441,210,1842837,1
34205.586915,1,2442,240,1842857,1
34205.589939,1,2443,100,1842612,1
34205.592767,1,2444,360,1842797,-1
34205.593841,1,2445,170,1842765,-1
34205.597565,3,2276,123,1842858,-1
34205.598591,1,2446,340,1842934,1
34205.600739,1,2447,170,1842981,-1
34205.602090,1,2448,70,1843278,-1
34205.602826,1,2449,270,1842988,1
34205.606668,1,2450,230,1842544,1
34205.607505,1,2451,290,1842777,-1
34205.608267,3,2126,137,1842719,1
34205.609737,1,2452,280,1842461,-1
34205.613611,1,2453,60,1842986,-1
34205.617005,3,2352,108,1842769,-1
34205.617060,1,2454,250,1842795,-1
34205.620435,1,2455,400,1842945,-1
34205.624008,1,2456,280,1842632,1
34205.627505,1,2457,220,1842564,1
34205.629667,1,2458,380,1842634,-1
34205.630854,1,2459,330,1842598,1
34205.632911,1,2460,300,1842558,1
34205.633181,1,2461,280,1842596,1
34205.633286,3,2334,190,1842936,1
34205.635893,3,2328,32,1842913,1
34205.639667,1,2462,240,1842409,1
34205.641111,1,2463,400,1842891,-1
34205.642267,1,2464,80,1842645,1
34205.642346,1,2465,140,1842827,1
34205.643570,1,2466,220,1842651,1
34205.645930,1,2467,80,1842845,-1
34205.648484,1,2468,160,1843183,1
34205.649878,1,2469,320,1842683,1
34205.651325,1,2470,90,1842680,1
34205.654984,1,2471,200,1842755,1
34205.658681,1,2472,230,1843296,-1
34205.661627,1,2473,200,1842716,1
34205.664796,1,2474,10,1843236,-1
34205.665346,1,2475,250,1842814,1
34205.668799,1,2476,330,1842921,1
34205.670545,1,2477,390,1842740,-1
34205.672951,1,2478,330,1843266,-1
34205.674386,1,2479,110,1842601,1
34205.678249,1,2480,40,1843111,1
34205.678285,3,2135,93,1842869,-1
34205.678384,1,2481,150,1842477,1
34205.679803,1,2482,230,1842755,1
34205.679809,1,2483,340,1842835,-1
34205.682708,1,2484,350,1843072,-1
34205.683969,1,2485,250,1842711,1
34205.686334,3,2106,137,1842818,1
34205.686947,1,2486,330,1842906,-1
34205.687765,3,2400,167,1842908,-1
34205.691292,1,2487,210,1842389,1
34205.691381,1,2488,70,1843015,1
34205.691870,1,2489,250,1842695,-1
34205.694928,1,2490,240,1842415,1
34205.697615,3,2116,51,1842680,1
34205.698129,1,2491,230,1842928,-1
34205.700357,1,2492,400,1842567,1
34205.700684,1,2493,150,1842717,1
34205.701624,3,2201,14,1842582,1
34205.705564,1,2494,330,1842351,1
34205.707013,1,2495,10,1843044,-1
34205.708942,1,2496,390,1842469,-1
34205.712129,1,2497,370,1842479,1
34205.715901,1,2498,320,1843054,-1
34205.716959,1,2499,260,1842847,-1
34205.720010,1,2500,290,1842687,-1
34205.721025,1,2501,250,1842435,-1
34205.721741,1,2502,320,1842771,-1
34205.723556,1,2503,290,1842565,-1
34205.727506,1,2504,210,1842336,1
34205.730013,1,2505,240,1842199,1
34205.732767,1,2506,160,1842472,1
34205.736497,1,2507,260,1841948,1
34205.740149,1,2508,330,1842212,1
34205.742335,3,2470,31,1842230,-1
34205.742568,1,2509,330,1842492,-1
34205.744903,1,2510,370,1842031,1
34205.748775,1,2511,170,1842593,1
34205.750337,1,2512,300,1842623,1
34205.753466,1,2513,140,1842182,1
34205.754364,1,2514,40,1842149,1
34205.757702,1,2515,130,1842142,1
34205.761166,1,2516,350,1842673,-1
34205.761225,1,2517,350,1842341,1
34205.762857,1,2518,370,1842420,1
34205.762939,1,2519,10,1842475,1
34205.764662,1,2520,340,1842975,-1
34205.766937,3,2250,31,1842633,1
34205.768316,1,2521,180,1842689,1
34205.771027,1,2522,250,1842823,-1
34205.773077,1,2523,360,1842435,1
34205.774784,1,2524,140,1842443,1
34205.778721,1,2525,390,1842439,1
34205.778769,1,2526,270,1842408,1
34205.780355,3,2253,191,1842460,1
34205.784207,1,2527,130,1842399,1
34205.785329,1,2528,240,1842297,-1
34205.788913,1,2529,160,1842648,1
34205.792370,1,2530,240,1842813,-1
34205.794827,1,2531,100,1842299,1
34205.796633,1,2532,240,1842919,-1
34205.800540,1,2533,140,1842421,1
34205.800729,1,2534,110,1842871,-1
34205.802342,1,2535,380,1842291,1
34205.803663,1,2536,120,1842713,-1
34205.807374,1,2537,400,1842023,1
34205.807814,1,2538,10,1842637,-1
34205.810055,1,2539,30,1842430,1
34205.812460,1,2540,220,1842409,-1
34205.812836,1,2541,140,1842207,-1
34205.813940,1,2542,240,1842320,-1
34205.817109,1,2543,240,1842161,1
34205.817430,3,2256,106,1842418,1
34205.820852,1,2544,260,1842465,1
34205.820948,1,2545,240,1842614,1
34205.821396,1,2546,50,1842058,1
34205.823185,3,2480,17,1842436,-1
34205.826155,3,2490,13,1842483,1
34205.829841,3,2288,103,1842421,-1
34205.833249,3,2292,152,1842343,1
34205.833714,1,2547,100,1841858,1
34205.835573,1,2548,130,1842193,-1
34205.836606,1,2549,190,1842769,-1
34205.839033,1,2550,340,1842747,-1
34205.839519,1,2551,140,1842321,-1
34205.842145,1,2552,190,1842519,-1
34205.842990,1,2553,200,1842314,-1
34205.846342,1,2554,380,1842292,1
34205.846832,1,2555,170,1842401,-1
34205.850469,1,2556,310,1842409,-1
34205.852814,1,2557,300,1842522,-1
34205.854389,3,2557,40,1842129,1
34205.856785,3,2167,146,1842068,-1
34205.858018,1,2558,80,1842175,1
34205.861812,1,2559,270,1842177,1
34205.863769,1,2560,400,1841721,1
34205.865653,1,2561,230,1841711,1
34205.866927,3,2150,175,1842164,-1
34205.867414,1,2562,280,1842343,1
34205.869677,1,2563,120,1842302,-1
34205.872115,1,2564,30,1842582,-1
34205.872147,1,2565,390,1841989,1
34205.874126,1,2566,290,1842482,-1
34205.877169,1,2567,200,1842126,1
34205.879800,1,2568,280,1841899,1
34205.882888,1,2569,350,1841891,1
34205.883810,1,2570,310,1842411,-1
34205.887787,1,2571,80,1842372,-1
34205.888719,1,2572,320,1841917,-1
34205.890342,1,2573,140,1842453,-1
